2992 4700
692 359 905 427 -22..·

258 516 337 573 ditor
361 518 412 573 sed
433 526 541 575 coelom
564 519 697 576 sollemni
721 518 802 574 mora
822 537 909 595 prece
933 528 1114 576 maerorem.
1142 517 1226 576 aerbo
1252 520 1336 577 Cloa-

260 620 297 676 ra·
317 619 386 676 laec
408 628 493 678 sont:
519 621 586 677 Ileli
605 638 660 677 cco
682 628 725 678 eal
740 620 889 696 Apollinis
914 616 1075 696 Γενέτορος
1096 623 1124 678 io
1147 640 1203 697 pera
1226 622 1335 679 nollioo

257 721 369 779 animal
388 722 591 798 roccpl'cclor,
617 741 700 798 qoam
723 721 919 797 Pythagoram
943 724 1019 779 celiel
1040 724 1207 780 sirorololom
1231 722 1336 782 adoro·

257 826 332 881 orire
351 826 488 900 produnt.
514 824 588 882 icoc
610 844 680 900 ergo
702 844 774 893 crae,
800 843 873 901 poce
887 824 1026 881 odor-otor
1048 824 1084 880 ob
1100 830 1209 883 Aeaco.
1231 871 1238 884 .
1260 868 1267 882 .
1293 829 1336 884 Al

258 947 324 984 ocra
346 946 408 985 com
427 937 540 985 laurum
564 946 629 984 racc
643 927 771 985 iramolol
785 926 922 1003 Apollini
940 937 969 985 el
982 928 1128 1005 Ncplecoo,
1152 928 1230 1005 apud
1247 927 1334 986 aliem

258 1035 354 1108 olr‘qnc
381 1049 462 1089 arom
481 1029 597 1109 sactum
627 1030 820 1105 intellegimus
845 1070 853 1085 .
879 1072 886 1086 .
912 1073 918 1085 .
943 1031 1067 1088 tremori!
1096 1031 1179 1088 loros
1209 1049 1280 1087 israe
1308 1041 1336 1088 cl

257 1136 383 1205 (Varro)
408 1136 479 1191 Cato
501 1134 536 1190 dc
557 1130 657 1191 liberis
679 1132 833 1189 edocendis·
856 1133 886 1189 io
909 1133 979 1189 loeo
1002 1131 1107 1189 aerbo.-
1142 1136 1244 1190 erectrix
1266 1135 1336 1190 haec

256 1238 348 1294 omorio
363 1235 498 1315 faciebat
521 1276 528 1291 .
556 1278 563 1292 .
590 1276 597 1291 .
621 1237 684 1293 ariae
705 1235 800 1291 loalr'o
829 1242 860 1290 ol
883 1235 950 1292 oea·
975 1234 1015 1291 nd
1034 1235 1183 1310 Apollinis
1207 1236 1337 1293 Genetior'

257 1346 376 1397 ocrim.“
422 1337 515 1396 Vides
537 1336 691 1397 simillima
712 1338 788 1396 haec
810 1357 890 1410 esse;
916 1344 1017 1395 tamen
1039 1335 1226 1397 Macrobium
1249 1340 1334 1397 schc-

257 1441 346 1499 liesta
368 1441 451 1500 nullo
473 1441 561 1500 modo
577 1443 678 1517 potest
692 1438 884 1517 compilasse,
907 1439 1037 1518 primum
1061 1459 1127 1498 cum
1149 1439 1231 1498 dicat
1251 1460 1334 1512 „esse

257 1563 324 1602 aras
347 1548 408 1603 tam
423 1542 576 1620 Apollinis
598 1561 688 1621 quam
709 1540 768 1601 filii
790 1542 873 1602 eius“
897 1548 927 1601 et
948 1562 1028 1615 „non
1051 1546 1168 1601 tantum
1190 1542 1260 1601 Deli
1283 1544 1335 1601 sed

255 1645 288 1704 in
311 1644 450 1723 plurimis
472 1644 576 1718 locis“,
598 1664 674 1724 quae
696 1645 807 1704 desunt
828 1645 859 1703 in
881 1643 1036 1705 Macrobio
1049 1644 1091 1722 ¹);
1123 1644 1231 1705 deinde
1254 1647 1336 1725 quod

258 1748 350 1806 schol.
373 1747 483 1825 incipit
510 1769 528 1806 a
549 1768 623 1809 voce
654 1747 837 1828 ,quaeritari
881 1747 964 1811 Quae
994 1747 1051 1806 etsi
1073 1752 1155 1807 reete
1180 1747 1240 1806 iam
1270 1769 1334 1807 mo-

256 1849 324 1910 nuit
344 1849 492 1927 i'hiloi),
514 1855 614 1910 tamen
637 1871 697 1910 non
720 1850 872 1929 persuasit
885 1848 1012 1922 Linki03
1035 1849 1109 1910 dicit
1132 1850 1211 1910 enim
1233 1850 1260 1909 is
1282 1851 1333 1928 (af.

257 1955 294 2030 ej.
310 1952 380 2011 diss.
397 1973 426 2031 p.
444 1958 483 2011 22
506 1974 536 2011 n.
553 1953 601 2031 6):
624 1951 731 2026 „Quod
746 1952 883 2013 scholion
898 1951 1009 2030 incipit
1030 1974 1048 2011 a
1062 1972 1136 2014 voce
1152 1952 1334 2031 ‘quaeriturss

257 2075 334 2134 quse
357 2059 403 2114 est
424 2055 536 2114 usitata
557 2055 724 2133 incipiendi
745 2055 840 2128 ratio,
871 2075 924 2114 eur
945 2057 1003 2114 hac
1031 2056 1067 2114 de
1090 2076 1179 2115 causa
1199 2055 1333 2134 interpo-

256 2158 346 2216 latori
368 2156 428 2237 ipsi
450 2158 545 2218 tn'bui
567 2179 628 2217 non
650 2156 760 2237 possit,
792 2157 932 2237 equidem
952 2168 1013 2218 non
1035 2157 1139 2230 video,
1168 2179 1251 2216 nam
1272 2158 1333 2216 in-

256 2261 530 2338 terpolatores
563 2260 764 2339 incipiunt
796 2280 991 2340 persaepe
1026 2263 1068 2321 ab
1101 2263 1174 2321 hac
1206 2266 1332 2322 voce.“

256 2364 334 2423 Sane
356 2362 508 2442 incipiunt
537 2385 625 2442 saepe
654 2363 699 2423 ita
720 2397 763 2407 -
785 2384 846 2424 non
876 2364 1108 2441 interpolatores
1139 2365 1191 2424 sed
1220 2364 1334 2423 scholia

258 2466 415 2540 addititia,
438 2467 554 2528 scilieet
575 2487 651 2547 quse
667 2465 822 2544 pertinent
843 2468 881 2526 ad
895 2468 977 2527 locos
992 2467 1192 2542 Vergilianas,
1214 2468 1252 2525 de
1267 2466 1333 2546 qui-

258 2570 314 2629 bus
336 2569 441 2648 quaeri
463 2572 592 2642 solebat3
620 2590 689 2628 nam
713 2575 946 2628 consentaneum
975 2575 1022 2629 est
1048 2571 1085 2629 de
1108 2569 1246 2631 versibus
1268 2575 1334 2628 tan·

258 2676 322 2730 tum
350 2671 382 2730 in
412 2672 521 2752 quibus
548 2677 637 2750 poeta
665 2671 868 2747 grammaticis
898 2692 1015 2732 crucem
1046 2671 1150 2731 fixisse
1177 2671 1334 2732 videretur

258 2765 409 2849 ζητήματα
432 2775 587 2854 proposita
609 2780 640 2834 et
660 2767 757 2843 λύσεις
781 2795 845 2834 esse
867 2775 1081 2850 investigatam
1114 2773 1166 2854 qui
1188 2793 1332 2848 gramma-

258 2875 385 2935 ticcrum
401 2877 593 2956 antiquorum
615 2898 679 2937 mos
701 2882 747 2936 est
762 2877 984 2956 notissimum).
1027 2878 1115 2937 Unde
1136 2897 1209 2938 vere
1231 2875 1258 2934 is
1281 2876 1333 2956 qui

258 2982 393 3037 nostrum
417 2971 553 3040 scholion
574 2978 680 3040 Servio
704 2979 828 3053 adiecit,
858 2986 1043 3059 compertum
1064 2978 1186 3052 hebuit,
1217 2979 1254 3037 dc
1275 2980 1332 3037 hcc

257 3080 386 3155 Vergilii
402 3102 493 3142 versu
508 3081 714 3161 quaestionem
728 3103 793 3141 esse
807 3081 996 3142 institutam?
1040 3083 1066 3141 E
1081 3080 1234 3143 Macrobio
1252 3084 1329 3140 certe

258 3204 333 3256 n0n;
356 3204 425 3242 nam
447 3183 473 3243 is
495 3184 574 3244 nihil
596 3186 633 3245 de
655 3187 712 3244 hac
734 3204 776 3244 re.

342 3287 426 3346 Haec
447 3306 524 3366 quae
546 3287 634 3348 modo
656 3289 693 3348 de
716 3287 889 3368 ,quaeritur’
904 3285 1134 3366 disputavimus,
1157 3284 1257 3345 statim
1281 3284 1331 3343 ad·

326 3546 352 3604 1)
369 3543 477 3592 Linkius
494 3543 594 3602 quidem
621 3549 706 3592 censet
723 3546 884 3593 scholiastam
906 3545 968 3592 haec
990 3544 1040 3591 sibi
1058 3544 1221 3602 confinxisse;
1247 3541 1331 3588 nescio

257 3645 306 3690 quo
324 3630 379 3677 iure
396 3630 423 3677 id
440 3629 570 3690 statuerit3
589 3642 646 3676 nam
665 3644 715 3677 non
734 3631 916 3679 demonstravit
933 3631 1028 3677 nullam
1047 3636 1146 3689 practer
1164 3630 1228 3674 hanc
1245 3625 1330 3673 Delia-

257 3732 312 3764 cam
329 3731 397 3763 aram
415 3716 491 3762 fuisse
508 3715 635 3774 Apollinis
661 3716 702 3761 vel
720 3716 879 3777 Aesculapii,
906 3716 932 3761 in
959 3729 1009 3774 qua
1032 3709 1095 3778 ἁγνὰ
1114 3717 1210 3762 tantum
1228 3704 1332 3775 {ripato

235 3845 242 3856 ,
255 3802 349 3850 licebat
365 3801 405 3849 his
422 3801 518 3849 offerre.

325 3882 351 3950 2)
370 3886 513 3945 Quaestion.
532 3885 603 3934 Serv.
621 3901 647 3946 p.
660 3888 701 3934 31.

326 3974 352 4031 3)
371 3973 401 4019 cf.
419 3972 500 4032 Asper
518 3971 550 4017 ad
562 3972 623 4019 Aen.
638 3975 661 4032 9,
681 3974 731 4020 360
750 3972 839 4026 (schol.
854 3972 945 4019 Veron.
963 3987 988 4031 p.
1004 3974 1060 4030 100,
1081 3967 1169 4033 1511.)
1187 3970 1237 4029 „de
1254 3981 1329 4028 quae-

256 4058 380 4105 stionibus
405 4059 447 4105 vel
471 4057 605 4103 marima.“
640 4057 710 4106 Serv.
730 4058 793 4105 Aen.
806 4058 837 4116 V,
857 4061 906 4106 626
933 4070 1010 4116 „ergo
1036 4061 1135 4103 constat
1158 4056 1329 4115 quaestionem

256 4146 321 4190 hanc
333 4157 408 4189 unam
420 4156 475 4190 essa
492 4143 524 4189 da
535 4143 722 4203 insolabilibus,
741 4158 803 4203 quas
820 4158 872 4190 non
883 4141 987 4189 dubium
1005 4147 1042 4189 est
1053 4143 1241 4189 emendaturum
1253 4140 1329 4186 fuisse

257 4226 421 4287 Vergilium.“
456 4227 519 4275 Aen.
532 4229 556 4287 9,
576 4228 625 4278 36³
644 4229 776 4277 duodecim
794 4228 858 4276 tales
875 4241 930 4275 esse
947 4226 1095 4275 insolubiles
1113 4227 1233 4276 adfirmat.
