2992 4700
693 317 905 385 ..30-

265 491 300 531 ac
322 468 451 554 ‘numen’
473 472 654 533 Sallustiano
677 474 742 533 loeo
762 475 903 551 probaret
918 473 945 549 ¹)
969 493 1058 555 qnam
1081 494 1147 534 enm
1170 494 1231 534 non
1254 494 1342 551 prae-

264 578 332 635 beat
355 575 541 649 Macrobius,
576 576 665 636 etiam
688 577 745 636 hae
768 578 804 636 de
828 596 917 637 eausa
938 577 1070 655 priorem
1092 577 1175 636 illam
1198 578 1234 636 ad
1258 578 1342 636 hune

264 699 323 738 nen
345 679 444 739 redire
467 685 560 758 patet.

349 783 414 842 Etsi
439 783 541 857 igitur,
565 782 662 855 credo,
685 782 734 840 his
757 783 895 843 omnibns
914 803 991 863 quae
1007 784 1130 861 exposui
1154 783 1213 843 iam
1236 784 1341 861 opinio

263 888 321 946 ista
343 886 379 944 de
402 884 585 945 scholiorum
615 886 802 965 quorundam
834 886 951 960 origine
979 887 1172 947 Macrobiana
1201 892 1247 946 est
1269 907 1342 964 pro·

263 991 384 1063 fligata,
409 994 508 1047 tamen
532 988 622 1047 etiam
644 987 725 1046 aliud
749 987 901 1049 dissuadet
922 989 1024 1049 Linlrii
1048 990 1258 1064 coniecturam,
1282 1008 1344 1068 qua

262 1092 430 1170 complures
453 1091 560 1150 statuit
574 1090 815 1168 interpolatores.
859 1093 959 1153 Facile
982 1093 1062 1153 enim
1085 1094 1161 1172 quis,
1185 1093 1263 1172 quod
1287 1113 1344 1152 ex·

262 1195 412 1273 ploratum
434 1206 480 1253 est
502 1195 540 1253 de
562 1194 714 1253 codicibus
737 1195 891 1255 Servianis
920 1197 958 1255 ab
981 1196 1075 1255 doctis
1098 1195 1184 1255 Italis
1205 1197 1342 1272 interpo-

261 1299 330 1356 latis
354 1297 450 1376 (velut
468 1297 574 1357 Dresd.
599 1303 628 1356 et
650 1298 745 1358 Paris.
771 1299 866 1375 7965)
889 1299 925 1358 ad
948 1299 1073 1359 alteram
1095 1299 1241 1358 librorum·
1264 1298 1342 1357 clas·

261 1423 321 1460 sem
344 1403 375 1461 id
397 1407 443 1461 est
464 1402 500 1461 ad
517 1400 652 1460 Danielis
674 1403 802 1475 referat;
825 1407 967 1477 attamen,
995 1402 1157 1482 quodiam
1180 1387 1271 1478 sup'ra
1292 1406 1342 1460 te·

260 1506 327 1579 sigi,
350 1505 382 1563 hi
404 1504 474 1563 libri
498 1509 562 1563 toto
579 1504 660 1564 caelo
683 1510 717 1564 nt
739 1505 783 1563 ita
804 1505 900 1565 dicam
922 1506 1002 1565 inter
1025 1526 1056 1564 se
1078 1505 1191 1565 distant
1214 1510 1244 1563 et
1259 1503 1338 1562 aori-

263 1617 309 1668 ter
331 1614 402 1667 sunt
423 1608 610 1668 discernendi
624 1608 662 1685 ²).
707 1608 770 1666 lam
794 1609 818 1666 si
842 1609 908 1690 quis
930 1607 1065 1668 Danielis
1093 1607 1187 1668 libros
1210 1627 1337 1685 percen-

261 1718 340 1784 seat,
371 1732 431 1770 nou
461 1716 562 1788 potest
593 1731 653 1771 non
675 1710 914 1773 animadvertere
946 1714 1001 1772 hos
1033 1732 1136 1772 omnes
1166 1712 1264 1771 redire
1296 1712 1335 1769 ad

260 1836 353 1874 unum
375 1820 493 1873 tantum
516 1815 669 1891 exemplar
691 1816 907 1894 archetypum,
929 1817 962 1875 in
985 1836 1043 1895 quo
1065 1816 1101 1874 ad
1125 1814 1261 1875 Servium
1286 1816 1340 1872 ad-

261 1919 322 1977 dita
354 1922 439 1976 erant
470 1917 583 1976 scholia
613 1918 739 1996 antiqua
769 1939 807 1978 ex
838 1918 939 1978 codiee
971 1918 1090 1998 aliquo,
1124 1919 1174 1998 qui
1205 1918 1271 1996 ipse
1301 1937 1340 1976 ea

260 2022 423 2080 exhibebat
444 2022 637 2099 antiquorum
660 2041 741 2080 more
764 2022 940 2100 perscripto,
963 2028 997 2081 ut
1013 2022 1227 2100 praecederent
1249 2022 1337 2080 seho-

259 2125 299 2184 lia
321 2125 353 2183 in
369 2123 518 2196 Bucolica,
542 2129 738 2204 sequerentur
760 2124 792 2182 in
809 2125 963 2199 Georgica,
987 2125 1077 2184 finem
1099 2124 1234 2184 facerent
1257 2143 1338 2183 oom-

259 2234 360 2287 menta
381 2228 413 2286 in
435 2226 607 2288 Aeneidem.
651 2228 683 2285 Is
713 2246 785 2286 vero
815 2228 892 2287 liber
914 2228 1011 2289 Servii
1044 2228 1122 2287 aucti
1154 2229 1339 2305 archetypus

260 2330 349 2391 simili
372 2332 499 2391 fortasse
531 2350 617 2405 casu,
649 2350 706 2410 quo
721 2330 929 2392 ’Floriacensis
960 2332 993 2391 in
1016 2332 1105 2392 Bern.
1133 2331 1191 2392 172
1225 2337 1255 2391 et
1286 2332 1338 2390 Pi-

260 2437 378 2496 thoean.
392 2435 420 2512 ³)
444 2435 604 2494 distraetus
627 2434 725 2493 estin
748 2435 822 2493 duas
844 2440 960 2513 partes,
985 2455 1110 2515 quarum
1133 2436 1217 2514 prior
1238 2436 1336 2495 conti-

262 2541 353 2598 nebat
373 2540 448 2597 Aen.
471 2537 538 2598 libr.
561 2539 576 2595 I
598 2543 629 2597 et
651 2539 696 2608 113
726 2537 821 2598 altera
854 2542 929 2598 Aen.
952 2538 1111 2597 III-XII
1141 2558 1208 2597 cum
1234 2538 1343 2602 Buool..

261 2647 292 2701 et
314 2642 421 2717 Georg.
466 2641 563 2700 Aliter
585 2641 665 2700 enirn
688 2642 832 2718 explicari
855 2641 970 2723 nequit,
994 2642 1072 2721 qnod
1095 2642 1282 2701 (lassellanus
1307 2645 1339 2701 et

261 2746 355 2804 Paris.
384 2746 462 2806 1750
486 2745 688 2805 additamenta
718 2746 832 2806 habent
859 2752 977 2805 tantum
1006 2745 1043 2804 ad
1072 2745 1183 2805 librum
1204 2744 1335 2821 primum

263 2853 293 2908 et
324 2847 486 2906 seeundum
517 2848 684 2921 Aeneidos3
715 2850 806 2909 ceteri
835 2855 934 2909 autem
956 2848 1091 2908 Danielis
1121 2848 1236 2908 codices
1265 2847 1337 2906 inde

260 2972 278 3009 a
308 2950 398 3009 tertio
428 2952 545 3008 demum
573 2954 648 3009 Aen.
679 2951 757 3011 libro
788 2959 907 3012 auctum
937 2954 1050 3012 habent
1078 2951 1224 3013 Serrium.
1275 2948 1336 3013 Qui

261 3060 359 3114 autem
380 3055 439 3112 hoc
462 3052 697 3114 consideraverit
724 3074 817 3114 unum
839 3055 1044 3114 tantummodo
1067 3054 1178 3114 librum
1201 3054 1335 3113 omnium

261 3157 441 3217 scholiorum
457 3156 667 3217 additiciorum
682 3157 775 3216 fuisse
794 3159 916 3232 fontem,
940 3158 966 3216 is
989 3158 1089 3217 neseio
1112 3177 1149 3217 an
1173 3157 1259 3216 valde
1282 3157 1336 3215 du·

261 3263 409 3322 bitaturus
432 3260 472 3319 sit
494 3266 625 3321 statuere
647 3263 728 3321 hune
749 3261 870 3320 unicum
891 3261 1003 3320 librum
1027 3262 1188 3320 conflatum
1210 3280 1274 3319 esse
1296 3279 1335 3318 ex

233 3441 235 3446 Α
261 3363 473 3426 diversissimis
488 3363 660 3423 auctoribus
677 3371 714 3424 ¹et
727 3386 783 3443 per
798 3364 964 3443 complures
977 3364 1221 3441 interpolatores3
1244 3363 1335 3421 immo

260 3467 353 3527 multo
377 3468 488 3526 maiore
520 3486 585 3526 cum
619 3467 719 3545 specie
741 3467 964 3544 probabilitatis
987 3467 1220 3526 concludendum
1243 3486 1335 3524 unum

261 3571 391 3650 aliquem
413 3571 511 3632 virum
533 3570 565 3628 in
589 3571 754 3647 exemplari
777 3592 829 3630 suo
848 3571 992 3632 Serviano
1016 3570 1130 3630 scholia
1151 3569 1203 3629 illa
1226 3590 1264 3630 ex
1286 3588 1334 3627 eo-

261 3675 327 3734 dioe
349 3675 513 3735 vetustiore
535 3673 678 3733 adiecisse
701 3674 849 3734 Honorati
873 3673 1133 3746 adnotationibus;
1157 3692 1245 3754 quam
1268 3692 1335 3731 een·

332 3860 356 3926 1)
373 3861 448 3923 Aspri
466 3874 521 3909 esse
545 3860 610 3908 hane
627 3861 812 3909 adnotationem
836 3874 927 3922 magna
953 3875 1008 3910 eum
1032 3860 1209 3922 probabilitate
1232 3859 1337 3907 coniecit

260 3946 414 3995 Ribbeekius
432 3947 505 4007 proll.
522 3947 549 3993 in
566 3947 641 4006 Verg.
660 3961 683 4005 p.
705 3947 763 3995 178.

329 4034 356 4093 2)
374 4033 406 4081 ef.
426 4047 488 4091 quae
500 4032 607 4080 'l'homas
627 4032 656 4078 de
674 4032 712 4079 his
731 4032 881 4093 disputavit:
900 4032 989 4091 „Essai
1008 4047 1050 4080 sur
1063 4031 1181 4080 Servius“
1198 4046 1222 4093 p.
1235 4036 1266 4079 41
1280 4046 1335 4092 sqq.

260 4122 284 4163 et
301 4116 373 4163 Thilo
391 4118 503 4178 prolegg.
520 4132 543 4178 p.
565 4119 606 4164 er.

329 4199 361 4264 3),
374 4200 468 4260 Sequor
486 4201 646 4249 Thomasium
664 4202 690 4248 in
708 4202 872 4262 significando
890 4202 974 4249 codiee
991 4202 1106 4250 Parisino
1125 4204 1200 4253 7929.
