2992 4700
638 346 852 410 ..Π-

206 500 286 559 tabis
310 500 416 577 opinor
438 480 608 574 concedere,
630 521 696 561 oum
719 502 841 578 propria
863 502 936 560 haec
957 520 1021 559 esse
1043 498 1203 572 Macrobio,
1224 504 1286 559 tum

206 602 318 680 optime
335 611 468 663 constare
484 605 544 682 sibi
559 605 639 663 huna
655 602 829 682 scriptorem
851 604 884 663 in
900 623 1008 679 genere
1024 602 1150 662 dicendi.
1194 604 1286 661 Num-

207 726 296 786 quam
320 706 399 765 enim
420 707 452 765 id
475 706 727 780 obliviscendum,
759 708 838 767 haud
867 706 910 766 ita
932 707 1039 765 multas
1062 726 1125 765 ossa
1147 725 1286 782 paragra·

207 812 293 886 phos,
316 830 392 888 quae
414 809 446 868 in
468 810 516 869 hie
538 809 774 870 saturnaliorum
795 810 881 869 libris
904 829 942 869 ex
963 809 1058 886 ipsius
1074 808 1217 868 Macrobii
1239 808 1285 867 in-

208 911 294 988 genio
317 911 463 989 originem
486 915 645 974 duxerunt.
690 914 853 991 Postquam
875 911 967 987 igitur
989 911 1180 988 probavimus
1201 931 1284 987 pror·
1346 954 1349 961 ,

207 1036 255 1074 sus
269 1017 395 1075 eundem
416 1035 480 1075 esse
502 1016 534 1075 in
557 1016 604 1076 his
626 1023 715 1096 atque
735 1016 769 1075 in
785 1015 1004 1076 commentariis
1026 1013 1185 1074 latinitatis
1206 1014 1283 1073 eolo-

205 1138 275 1192 rem,
290 1138 370 1178 nunc
385 1119 633 1195 progrediendum
650 1124 695 1179 est
711 1120 883 1179 adulteram
900 1138 1023 1198 eamque
1038 1138 1180 1177 summam
1193 1138 1282 1196 quac-

204 1221 311 1281 stionis
331 1228 459 1298 partem,
488 1226 519 1282 et
533 1222 772 1301 inquirendum,
803 1228 902 1282 utrum
932 1222 959 1280 is
989 1220 1134 1280 sermonis
1155 1220 1283 1293 habitus,

206 1344 292 1402 quem
308 1322 451 1384 Macrobii
472 1344 536 1383 esse
558 1324 771 1396 intelleximus,
792 1325 965 1384 inveniatur
987 1325 1076 1383 etiam
1099 1324 1131 1382 in
1154 1325 1242 1383 rebus
1266 1343 1283 1382 a

206 1426 356 1489 Macrobio
379 1427 506 1487 narratis
529 1447 624 1488 neone
637 1429 673 1505 ¹).
719 1433 819 1508 Atque
841 1436 876 1489 ut
896 1430 952 1488 hac
972 1429 1006 1487 in
1027 1448 1060 1487 re
1082 1426 1196 1506 aliquid
1215 1446 1280 1503 pro·

204 1531 352 1604 ficiamus,
375 1550 435 1590 non
458 1530 621 1591 omittenda
637 1531 800 1605 videntur,
824 1551 899 1611 quae
922 1533 958 1590 de
981 1529 1127 1590 Macrobii
1149 1528 1283 1589 fontibus

204 1633 263 1693 viri
285 1634 364 1695 docti
380 1636 632 1712 exploraverunt3
653 1635 766 1715 quippe
788 1639 871 1696 tanto
891 1635 1032 1694 maiorem
1054 1655 1118 1694 esse
1140 1631 1282 1695 orationis

204 1736 407 1797 diversitatem
431 1744 660 1797 consentancum
682 1744 745 1812 est,
775 1744 886 1819 quanto
909 1738 1027 1814 longius
1057 1736 1124 1816 quis
1145 1737 1280 1813 scriptor,

203 1838 286 1899 cuius
308 1840 418 1901 scrinia
440 1840 580 1918 compilat
602 1846 717 1913 noster,
752 1843 835 1902 abest
865 1844 902 1901 ab
924 1842 1019 1919 ipsius
1049 1842 1174 1901 saeculo.
1219 1843 1281 1899 Iam

203 1964 269 2001 cum
291 1943 436 2003 Wissovva
458 1945 498 2020 (p.
515 1943 652 2021 16-34)
675 1950 779 2004 contra
793 1945 963 2025 Gruppii²)
987 1951 1018 2006 et
1031 1946 1172 2006 Kettneri
1183 1945 1212 2021 ³)
1236 1943 1281 2001 di-

203 2047 403 2122 sputationem
426 2047 567 2120 evicerit,
601 2068 676 2127 quae
698 2049 868 2108 Macrobius
889 2049 922 2108 in
943 2049 1041 2126 primo
1064 2049 1180 2123 Satura.
1203 2046 1280 2104 libro

202 2151 239 2208 de
261 2170 337 2209 anno
359 2151 560 2210 Romanorum
583 2151 718 2226 disserit,
748 2155 855 2213 hausta
877 2173 941 2212 essa
963 2174 1002 2212 ex
1023 2150 1159 2212 Suetonii
1181 2154 1280 2226 prato·

203 2272 267 2311 rum
289 2253 365 2314 libro
400 2256 456 2327 „de
486 2274 563 2313 anno
585 2256 804 2315 Romanorum“
834 2256 912 2315 sicut
933 2254 1198 2315 Reifferscheidius
1229 2253 1279 2329 (ci.

202 2357 321 2416 Sueten.
337 2357 422 2437 reliq.
445 2378 474 2434 p.
494 2359 570 2432 177;
594 2366 706 2438 quaest.
725 2360 846 2418 Sueten.
870 2380 898 2436 p.
917 2361 992 2438 434)
1014 2366 1166 2433 statuerat,
1189 2357 1280 2435 aptis-

200 2461 273 2519 sime
295 2480 334 2520 ex
356 2460 403 2520 his
424 2462 573 2539 capitibus
587 2463 815 2539 proficiscemur.
859 2464 982 2524 Praeter
997 2463 1179 2522 Macrobium
1196 2462 1274 2521 enim

202 2583 267 2622 eum
295 2566 397 2624 codem
417 2566 559 2625 Suetonio
588 2567 636 2625 usi
664 2566 726 2625 sint
747 2566 927 2625 Censorinus
958 2572 988 2625 et
1016 2565 1135 2625 Solinus
1166 2571 1197 2623 et
1219 2564 1275 2623 lsi·

203 2669 290 2726 dorus
322 2668 524 2746 Hispalensis,
565 2667 728 2728 videndum
765 2689 803 2727 an
832 2670 909 2728 forte
939 2688 978 2726 ex
1007 2669 1126 2729 illorum
1159 2687 1278 2727 enarra-

201 2768 283 2827 tione
306 2770 376 2848 quid
408 2771 554 2831 lucremur
584 2772 621 2830 ad
655 2771 877 2849 disceptandam
909 2778 1039 2832 nostram
1062 2772 1275 2850 quaestionem.

201 2874 306 2950 Neque
336 2872 415 2933 fallit
445 2893 513 2951 spes
520 2897 528 2947 3
558 2894 626 2933 nam
656 2873 713 2934 etsi
734 2875 854 2935 Solinus
883 2884 973 2955 atque
995 2875 1128 2935 Isidorus
1151 2894 1278 2932 summa-

200 2976 255 3034 tim
290 2982 405 3036 tantum
437 2980 509 3037 haec
541 2984 771 3053 excerpserunt,
811 2979 991 3040 Censorinus
1024 2983 1122 3039 autem
1154 2977 1277 3036 minime

201 3079 227 3137 is
250 3085 311 3151 est,
343 3079 396 3159 qui
419 3088 517 3139 careat
538 3080 659 3157 proprio
682 3080 794 3141 iudicio
817 3090 847 3141 ct
869 3089 1004 3143 auctores
1027 3102 1095 3142 suos
1118 3083 1206 3158 plane
1227 3082 1278 3138 de-

201 3182 313 3240 scribat
327 3183 373 3261 ⁴),
396 3189 495 3243 temen
518 3183 633 3264 aliquot
654 3184 847 3260 reperiuntur
868 3187 941 3259 loci,
971 3187 1004 3244 in
1027 3186 1136 3264 quibus
1157 3193 1280 3245 eatenus

202 3283 360 3347 concinant
383 3306 448 3346 cum
464 3287 623 3361 Macrobio,
646 3294 681 3347 ut
701 3290 799 3348 facere
821 3309 880 3349 non
902 3289 998 3366 possis
1021 3288 1094 3367 quin
1116 3291 1190 3347 haec
1213 3288 1278 3365 qui·

202 3402 405 3416 Ἡ

272 3453 297 3516 1)
314 3451 434 3503 Consulto
452 3456 524 3505 omisi
543 3471 572 3505 ea
584 3458 675 3519 capita,
694 3473 759 3517 quae
772 3458 914 3507 Macrobius
926 3475 940 3507 c
951 3460 1079 3506 Plutarchi
1091 3458 1278 3519 quaestionibus

201 3541 378 3589 convivalibus
404 3543 495 3602 vertit,
524 3544 583 3603 quia
600 3559 650 3591 non
668 3546 755 3592 eodem
773 3545 828 3592 loco
845 3551 912 3593 stant
928 3551 1002 3605 atquc
1018 3559 1082 3604 quaa
1099 3544 1132 3591 M.
1149 3545 1202 3604 ipse
1220 3558 1277 3590 con-

201 3628 279 3674 finxit.
322 3629 437 3676 Ceterum
454 3630 476 3677 si
493 3630 549 3689 quis
567 3632 655 3678 horum
673 3645 745 3691 capp.
770 3632 905 3679 orationem
929 3646 1072 3692 comparare
1090 3631 1198 3678 voluerit
1222 3644 1278 3676 cum

202 3713 253 3761 Sat.
273 3714 304 3772 V,
318 3714 359 3774 21,
387 3715 498 3763 inveniet
515 3716 563 3763 hcc
581 3723 656 3776 caput
673 3731 703 3763 ax
722 3717 851 3765 Athenaeo
870 3732 968 3766 versum
986 3733 1036 3766 non
1055 3731 1117 3775 essa,
1135 3717 1179 3765 sed
1197 3716 1278 3763 redire

201 3801 234 3845 ad
252 3800 344 3848 fontem
363 3800 483 3848 Macrobii
502 3802 613 3849 latinum.
649 3804 714 3849 Nam
739 3817 795 3849 cnm
812 3804 968 3863 ignoremus,
993 3804 1152 3852 breviatusnc
1177 3803 1210 3851 sit
1234 3802 1277 3850 ille

201 3884 322 3933 Athenaei
341 3886 417 3947 liber,
444 3887 501 3935 inde
525 3888 591 3948 quod
616 3889 689 3948 plura
711 3890 789 3936 habet
805 3890 925 3949 quaedam
941 3890 1097 3948 Macrobius,
1125 3889 1188 3936 nihil
1212 3890 1277 3937 effici

201 3976 289 4031 potest.

270 4053 297 4122 2)
314 4058 344 4103 Iu
362 4063 519 4107 commentat.
537 4061 565 4122 in
583 4058 641 4106 hon.
660 4061 807 4109 Mommsen.
842 4076 867 4122 p.
886 4063 943 4110 545.

271 4142 297 4207 3)
315 4145 542 4206 „Beobachtungcn
560 4146 621 4193 llbcr
638 4147 678 4194 dic
689 4148 839 4209 Banutzung
850 4148 893 4196 des
904 4149 1006 4198 Verrius
1018 4151 1077 4197 ΙΨ*
1112 4150 1187 4196 Halla
1199 4149 1247 4197 187
1250 4150 1274 4195 8.

270 4229 296 4285 4)
314 4229 344 4277 cl.
363 4231 487 4280 Wissowa
504 4233 521 4281 l.
540 4247 561 4279 c.
579 4247 603 4293 p.
618 4233 659 4280 al.
