2992 4700
665 346 867 412 ,4-

232 507 435 576 consentiunt,
458 504 531 563 hinc
553 502 774 581 expediendum
798 523 863 561 esse
885 503 1062 562 confirmare
1085 501 1207 574 studuit,
1231 503 1310 581 quod

232 609 347 668 scholia
369 609 422 668 illa
445 608 632 667 eMacrobio
648 608 715 685 ipso
732 611 834 666 essent
849 607 1032 685 deprompta.
1078 606 1166 670 Quod
1188 606 1310 665 sirecte

231 732 263 771 se
286 714 421 783 haberet,
445 712 535 770 etiam
558 710 652 770 multo
675 710 873 790 pluraquam
897 729 973 789 qnae
996 710 1094 769 adfert
1113 708 1249 782 Linlrius,
1272 711 1308 768 ad

229 817 310 874 huno
344 817 460 875 fontem
492 819 592 873 essent
613 814 800 887 revocanda,
835 832 901 871 oum
924 823 970 871 sat
992 832 1099 886 magna
1123 812 1308 871 Macrobiani

234 919 333 995 operis
355 936 425 994 pars
455 923 623 995 temporum
652 917 765 976 iniuria
794 916 953 975 interierit.
1005 916 1182 975 Aretissime
1210 922 1308 977 autem

230 1022 374 1081 cohaeret
395 1021 471 1079 haec
493 1021 629 1100 quaestio
660 1040 726 1079 oum
759 1020 855 1079 altera
885 1020 922 1078 de
944 1019 1090 1080 Macrobii
1115 1021 1305 1079 exscribendi

228 1125 355 1183 ratione.
408 1124 440 1182 si
471 1124 566 1197 enim,
599 1124 678 1203 quod
707 1123 834 1182 innuere
863 1122 1042 1200 videturl),
1071 1123 1199 1182 Linlrius
1221 1124 1308 1181 nobis

228 1229 383 1306 probasset
406 1227 593 1287 Macrobinm
623 1226 766 1299 fontium,
799 1246 837 1286 ex
861 1226 968 1304 quibus
991 1245 1045 1285 sua
1066 1226 1184 1298 hausit,
1216 1228 1308 1287 verba

228 1336 367 1404 mutasse,
393 1339 453 1401 „ut
465 1333 550 1388 ettam
574 1332 603 1387 si
617 1329 687 1407 qaid
701 1331 879 1406 apparuerit,
906 1330 979 1386 riade
995 1339 1133 1406 sumptam
1151 1333 1201 1399 sit,
1228 1331 1310 1388 oldad

229 1443 320 1491 tamea
335 1452 405 1503 esse,
426 1452 510 1509 qaam
528 1432 600 1490 ande
615 1441 755 1508 sumptam
774 1440 908 1490 noscetur
925 1438 1100 1509 appareat“,
1124 1453 1209 1492 nemo
1227 1440 1307 1494 certe

212 1536 338 1595 <Linkio
362 1535 505 1594 adsentiri
538 1555 599 1594 non
621 1540 758 1613 poterat;
790 1552 859 1593 nam
890 1534 915 1592 si
946 1541 1097 1594 constaret
1120 1537 1307 1597 Macrobium

227 1639 259 1697 in
282 1639 520 1698 Saturnaliorum
542 1638 628 1697 libris
659 1639 703 1697 uti
738 1658 790 1696 suo
821 1637 917 1715 ipsius
948 1658 1102 1712 sermone,
1130 1645 1195 1698 tum
1226 1646 1306 1700 certe

227 1744 388 1803 verborum
417 1747 577 1829 concentus
607 1742 639 1799 in
669 1741 824 1801 Macrobio
854 1745 885 1799 et
913 1740 1036 1800 scholiis
1066 1742 1127 1800 illis
1156 1743 1306 1802 additiciis

228 1845 316 1904 aliter
337 1844 482 1922 explicari
499 1844 646 1922 nequiret,
671 1862 760 1923 quam
782 1849 816 1902 ut
838 1845 913 1902 haec
936 1866 975 1904 ex
997 1845 1050 1903 illo
1069 1845 1219 1923 descripta
1242 1866 1306 1904 esse

228 1948 466 2008 concederemus.
513 1948 610 2012 Quam
637 1949 673 2006 de
696 1948 843 2007 Macrobii
867 1949 1056 2007 exscribendi
1079 1968 1161 2009 more
1185 1955 1305 2008 senten-

227 2052 300 2111 tiam
323 2052 378 2110 etsi
402 2050 529 2110 Linkius
552 2051 735 2125 argumentis
765 2070 825 2108 non
855 2051 1003 2123 firmavit,
1034 2056 1133 2110 tamen
1164 2073 1230 2112 eum
1253 2073 1305 2111 au·

228 2161 310 2214 ctore
332 2153 579 2214 Reifferscheidio
614 2154 702 2213 etiam
725 2154 881 2233 amplexus
912 2154 951 2214 sit
973 2155 1134 2230 Wissowa,
1167 2158 1217 2237 qui
1241 2159 1305 2239 ,mi-

228 2278 292 2317 ram
322 2257 521 2317 animaduerti
555 2277 610 2334 per
641 2277 743 2316 omnes
766 2257 1005 2318 Saturnaliorum
1032 2260 1126 2319 libros
1160 2262 1305 2319 sermonis

229 2362 472 2442 aequabilitatem
494 2364 583 2440 atque
605 2381 727 2439 prorsus
750 2363 877 2420 eundem
892 2362 1052 2422 latinitatis
1075 2361 1213 2424 colorem'
1237 2386 1304 2443 pro-

228 2465 381 2526 nuntiavit
392 2462 431 2540 ²),
453 2464 564 2523 iterum
586 2464 815 2525 examinandam
837 2466 948 2525 censui.

315 2570 416 2646 Atque
443 2567 475 2625 in
503 2564 600 2626 Gellio
630 2573 766 2626 tenemus
789 2568 976 2627 Macrobium
1006 2570 1121 2628 fontem
1152 2591 1238 2629 suum
1268 2572 1305 2629 ad

227 2672 353 2730 verbum
375 2670 551 2749 plerumque
574 2671 811 2744 exscribentem;
841 2690 910 2729 nam
942 2672 1059 2731 etiamsi
1082 2675 1304 2733 concedendum

228 2773 356 2851 paucula
380 2774 524 2852 quaedam
546 2773 672 2850 abipso
703 2794 767 2833 esse
789 2780 904 2833 mutata
917 2772 962 2852 3),
996 2781 1095 2834 tamen
1119 2777 1208 2836 nihili
1231 2779 1304 2835 haec

229 2882 298 2936 sunt
321 2895 393 2953 prae
414 2881 461 2935 tot
483 2875 649 2953 capitibus,
683 2897 759 2957 quae
782 2879 855 2956 ipsis
879 2877 957 2937 Gelli
987 2879 1087 2938 verbis
1109 2899 1127 2938 a
1149 2880 1302 2941 Macrobio

227 2983 298 3038 eunt
319 2979 456 3057 repetita.
501 2979 561 3038 (lur
589 2999 678 3053 uero,
709 2982 788 3059 quod
820 2982 853 3039 in
885 2981 1079 3041 describendo
1103 2983 1200 3041 Gellio
1230 2983 1304 3041 fecit

227 3082 414 3153 Macrobius,
445 3080 477 3139 in
501 3080 568 3140 aliis
591 3083 804 3161 scriptoribus,
835 3083 929 3144 veluti
952 3084 985 3143 in
1008 3084 1149 3144 Suetonio
1173 3091 1203 3144 et
1225 3106 1304 3145 com·

227 3184 382 3245 menteriis
405 3183 603 3259 Vergilianis,
632 3187 722 3245 anxie
749 3186 910 3259 vitaverit,
942 3189 1078 3268 equidem
1109 3209 1170 3248 non
1199 3189 1303 3263 video;

231 3288 411 3366 praesertim
435 3307 502 3347 cum
525 3289 603 3347 dicat
625 3287 797 3348 Macrobius
819 3290 884 3367 ipse
913 3290 945 3348 iu
968 3294 1093 3370 praefat.
1120 3292 1136 3372 ξ
1159 3300 1196 3354 4:
1225 3313 1304 3366 „arec

228 3393 300 3450 mz'dz’
314 3394 384 3449 vitio
405 3402 512 3462 vertas,
530 3394 559 3450 si
573 3411 621 3449 res
639 3412 711 3469 qaas
729 3414 766 3450 erc
784 3394 904 3451 lectione
920 3398 1004 3453 varia
1021 3396 1181 3468 mactantur,
1210 3400 1303 3474 ipsis

226 3514 312 3570 saepe
331 3493 457 3553 verbis
474 3493 575 3572 quibas
594 3494 631 3552 ab
651 3498 723 3572 abaci
739 3496 963 3555 electoribus
980 3509 1137 3559 enarratae
1155 3509 1230 3574 suat,
1253 3522 1303 3557 aa·

224 3596 385 3674 pls'oabo“,·
419 3617 517 3676 neque
533 3597 681 3660 Wiesowa
700 3599 884 3673 argumentis
905 3600 935 3658 id
959 3603 1039 3679 quod
1061 3605 1162 3680 posuit
1184 3605 1303 3661 demon-

229 3700 344 3761 strarit.
390 3704 434 3760 Ac
456 3721 494 3759 ne
513 3700 611 3777 ipsum
629 3701 748 3780 quidem
770 3703 849 3776 fugit
872 3722 1027 3763 occurrere
1051 3674 1193 3784 quaedam
1218 3695 1309 3784 quae,

229 3802 312 3880 quod
329 3803 504 3863 Macrobius
520 3804 585 3882 ipse
600 3805 721 3878 fatetur,
744 3825 849 3866 verum
872 3826 935 3865 esse
955 3808 1108 3882 suadeant,
1131 3814 1164 3867 ut
1184 3810 1302 3870 Saturn.

227 3951 430 3967 ᾐ--ῄ

297 4056 322 4121 1)
341 4055 378 4103 cf.
396 4057 519 4107 dissertat.
537 4074 563 4121 p.
581 4063 604 4108 4.

298 4142 519 4203 austacenis
537 4146 662 4195 saturnal.
681 4146 799 4197 fontibus.
817 4147 950 4197 Dissertat.
968 4150 1070 4198 Vratisl.
1092 4152 1164 4200 1880.
1184 4167 1207 4212 p.
1229 4156 1266 4201 14.

297 4222 323 4292 3)
341 4228 379 4274 cf.
396 4228 478 4277 Linke
496 4232 512 4276 l.
532 4246 554 4279 o.
574 4247 597 4291 p.
617 4236 634 4281 4
654 4248 679 4279 n.
698 4237 721 4282 1.
