2992 4700
695 278 907 343 ..32-

347 431 485 512 Denique
516 453 555 493 an
584 433 717 504 librarii,
750 434 799 514 qui
831 439 949 493 nostros
980 432 1096 493 oodioes
1129 436 1338 504 exaraverunt,

262 536 341 594 haee
364 535 479 595 seholia
492 535 590 599 Servii
613 557 677 595 esse
699 537 873 615 putaverint
895 556 999 609 neone,
1021 536 1074 597 vix
1097 535 1339 605 diiudicaverim;

263 638 389 699 suadere
412 639 531 718 quidem
553 641 611 698 hoe
625 640 745 701 videtur
766 639 806 713 id,
831 641 910 719 quod
926 641 1090 718 particulae
1108 639 1226 718 saepius
1245 639 1339 698 inter-

263 742 379 818 positae
409 742 606 803 inveniuntur
628 777 668 786 -
692 762 805 822 eaeque
826 742 986 823 aliquoties
1007 744 1087 802 hand
1116 748 1184 821 apte
1206 743 1339 802 insertae

264 876 302 888 -
336 846 374 904 ad
405 846 587 905 eoneetends
617 846 734 921 singula
764 845 877 906 sobolis
890 846 938 924 ι);
971 850 1051 906 certe
1080 867 1147 906 eum
1180 846 1232 925 qui
1263 848 1340 905 haee

264 947 379 1007 sobolis
401 948 553 1010 Servianis
575 949 698 1021 adierit,
728 967 764 1008 ea
785 947 882 1009 Servii
913 968 973 1009 non
996 949 1136 1009 habuisse
1168 968 1227 1009 non
1263 969 1339 1026 opus

262 1056 306 1109 est
329 1051 487 1112 adfirmare
499 1049 539 1127 ²).

695 1303 899 1315 --——--..—.

672 1515 827 1609 caput
869 1515 929 1589 IL

347 1705 510 1783 Postquam
539 1703 570 1762 in
601 1704 699 1781 eapite
729 1706 808 1785 quod
840 1705 990 1766 anteoedit
1019 1704 1146 1782 profecti
1175 1723 1215 1764 ex
1235 1703 1341 1766 Servio

260 1813 350 1888 atque
373 1806 495 1868 soholiis
517 1806 665 1867 additioiis
687 1809 880 1884 exposuimus
902 1808 1037 1868 Danielis
1065 1808 1117 1867 illa
1139 1807 1343 1867 additamenta

262 1911 360 1970 eliens
381 1929 445 1970 esse
468 1930 486 1969 a
500 1909 604 1972 Servio
628 1915 658 1972 et
672 1911 771 1970 redire
785 1912 823 1971 ad
837 1912 1041 1992 antiquiorum
1058 1912 1285 1972 commentarios
1301 1911 1340 1987 ³),

261 2034 340 2073 nuno
361 2013 583 2091 profieisoamur
605 2034 645 2073 ex
666 2020 751 2092 parte
773 2035 894 2091 prorsus
917 2015 1081 2087 contraria,
1105 2015 1135 2074 h.
1158 2032 1183 2073 e.
1206 2032 1245 2073 ex
1267 2012 1340 2089 ipsis

258 2118 456 2178 vetustiorum
484 2122 750 2178 eommentatorum
781 2118 917 2179 frustulis
948 2125 979 2180 et
1000 2119 1171 2190 videamus,
1205 2137 1277 2176 num
1298 2115 1335 2173 ad

261 2220 340 2279 idem
362 2219 578 2297 perveniamus.
623 2220 756 2281 (leniatis
788 2222 867 2281 enim
895 2221 1016 2282 soholiis
1039 2220 1233 2297 Vergilianis,
1265 2235 1337 2298 quae

261 2342 301 2384 ex
323 2323 423 2384 oodioe
446 2323 611 2385 Veronensi
639 2324 753 2401 primus
783 2325 875 2386 edidit
897 2325 1011 2400 Maius,
1043 2345 1109 2385 oum
1132 2324 1227 2386 Servii
1249 2324 1341 2382 adno-

260 2427 441 2502 tationibus,
472 2429 561 2489 otiam
583 2428 614 2487 id
636 2429 747 2489 olerum
769 2430 835 2503 fiet,
867 2450 1013 2508 quaenam
1046 2429 1135 2489 huius
1157 2428 1339 2504 interpreta-

261 2530 360 2591 tiones
376 2532 562 2606 exeogitatae
583 2532 899 2593 aoommentatoribus
921 2532 1009 2610 primi
1033 2538 1064 2592 et
1078 2531 1201 2592 alterins
1223 2548 1251 2605 p.
1268 2529 1340 2589 Chr.

262 2654 291 2693 n.
314 2633 423 2695 saeonli
446 2641 627 2713 propagatae
650 2638 711 2698 sint
733 2638 770 2697 ab
787 2636 1015 2717 insequentibus
1031 2654 1127 2716 usque
1149 2635 1184 2693 ad
1200 2637 1340 2713 quartum

262 2736 423 2797 saeculum.

347 2841 405 2899 Sed
436 2842 608 2923 priusquam
639 2844 847 2920 aggrediemur
875 2864 938 2903 rem
970 2844 1082 2922 ipsam,
1125 2861 1220 2920 panea
1252 2840 1340 2899 liceat

262 2943 390 3019 praefari
421 2945 458 3003 de
479 2945 527 3005 his
550 2947 660 3007 oodieis
683 2949 865 3007 Veronensis
887 2949 1017 3008 scholiis.
1071 2950 1171 3025 Atque
1194 2945 1273 3024 quod
1294 2948 1335 3000 at·

262 3046 339 3106 tinet
361 3048 398 3106 ad
414 3051 570 3107 externum
593 3048 661 3110 libri
685 3049 766 3109 illius
788 3051 922 3127 reseripti
940 3051 1083 3121 habitum,
1107 3049 1241 3107 conferas
1263 3064 1337 3127 quae

333 3302 357 3367 1)
376 3302 413 3353 cf.
433 3304 505 3351 Thilo
523 3303 626 3365 praefat.
644 3320 668 3366 p.
688 3307 711 3353 8.

331 3386 357 3456 2)
376 3389 501 3451 Numqui
520 3390 737 3451 adieoitsoholia,
762 3404 851 3438 nomen
869 3389 949 3437 Servii
973 3389 1046 3438 huius
1065 3389 1267 3450 adnotationibus
1285 3402 1339 3437 sae·

262 3475 320 3536 pius
339 3476 479 3536 addiderit,
505 3480 533 3523 ut
556 3483 698 3537 segregaret
722 3477 840 3536 abillis,
865 3491 919 3525 meo
943 3478 996 3524 iure
1022 3476 1124 3538 dubito;
1147 3477 1173 3523 in
1192 3475 1339 3524 Cassellano

263 3566 328 3610 certe
354 3561 450 3609 nullum
475 3562 528 3611 eius
554 3563 589 3610 rei
615 3563 756 3624 vestigium.
802 3563 953 3611 Turonensis
971 3568 1052 3610 autem
1078 3562 1172 3611 codicis
1195 3563 1270 3623 plane
1287 3562 1337 3609 sin·

210 3697 215 3706 ⁴
261 3647 355 3708 gulsris
382 3652 419 3696 ast
444 3647 525 3710 ratio;
556 3663 614 3696 narn
642 3649 707 3697 buno
734 3650 875 3711 complures
898 3650 1088 3711 interpolatores
1113 3663 1258 3710 perpessum
1285 3661 1339 3694 esse

261 3737 366 3782 constat.
400 3735 431 3780 of.
460 3734 533 3781 Thilo
556 3735 634 3794 praei.
659 3749 684 3796 p.
704 3738 755 3796 62,
781 3750 831 3795 qna
854 3736 911 3796 ipsa
934 3750 962 3783 re
979 3736 1062 3783 differt
1087 3735 1207 3783 austeris
1225 3732 1340 3781 Danielis

261 3820 341 3868 libris.

332 3909 359 3965 3)
376 3905 512 3965 Postquam
529 3905 684 3954 Macrobium
709 3906 841 3955 reieoimus
859 3906 990 3955 dioendum
1016 3921 1063 3955 nos
1084 3906 1250 3954 valdentiam
1268 3903 1339 3951 dubi-

262 3995 315 4037 tsre
333 3991 364 4038 de
382 3991 478 4039 Isidoro
496 3992 586 4040 horum
604 3992 686 4055 fonte3
711 4006 791 4052 neque
819 3993 886 4040 enim
912 3994 984 4054 parvi
1003 3993 1119 4041 momenti
1144 3992 1266 4052 estquod
1283 4005 1339 4051 per·

262 4078 340 4123 mults
356 4077 470 4125 Danielis
488 4077 585 4126 scholia
601 4092 751 4139 quamquam
768 4079 940 4139 consentiunt,
966 4083 1048 4126 tamen
1072 4094 1103 4127 ex
1121 4079 1218 4127 Isidoro
1235 4077 1340 4139 repetita

263 4176 317 4209 esse
335 4167 466 4221 nequeunt.
503 4163 534 4212 ot.
554 4164 627 4211 Thilo
644 4165 721 4225 praei.
740 4180 765 4225 p.
784 4167 825 4215 44.
