2992 4700
649 368 862 433 -12...

215 526 282 584 dem
305 527 397 584 verba
419 524 485 601 ipse
504 544 544 583 ex
566 525 649 584 fonte
672 527 779 584 hausta
811 543 876 584 esee
898 525 1048 584 concedas.
1092 525 1200 604 Itaque
1223 545 1293 584 con-

213 630 353 688 ferendus
376 632 421 687 est
442 629 571 688 Macrob.
594 627 654 688 set.
677 629 703 701 I,
730 631 778 700 12,
803 632 820 685 3

287 736 332 792 „ut
349 745 394 780 sex
411 731 510 791 quidem
528 745 626 780 menses
644 731 670 778 id
688 734 727 779 esi
779 729 856 778 Solin.
875 732 912 778 ed.
934 732 1048 779 Momms.
1070 746 1097 792 p.
1116 734 1155 788 13,
1175 732 1223 777 12:

212 817 316 879 Aprilis,
334 818 434 876 lunius,
450 816 559 879 Sextilis,
573 816 725 878 September,
779 816 832 876 „ita
857 820 884 863 at
909 829 953 863 aex
978 831 1076 865 menses
1093 816 1222 877 {tricenum
1241 815 1291 862 die·
1325 868 1328 874 ,

215 903 372 963 November,
395 902 532 949 December
549 902 671 951 tricenum
689 916 726 950 es·
778 916 834 949 rum
851 906 943 961 essent,
961 906 1076 962 quattuor
1087 902 1175 963 reliqui
1190 901 1290 950 tricenis

215 994 270 1037 sent
282 989 385 1049 dierum,
403 992 519 1048 quattuor
531 1003 598 1048 vero,
614 989 727 1046 Martius,

215 1075 306 1136 Maius,
324 1074 451 1134 Quintilis,
464 1072 574 1122 October
591 1074 691 1123 tricenis
703 1076 728 1122 et

214 1161 320 1222 singulis
341 1160 540 1220 expedirentur“.

779 992 804 1036 et
821 987 928 1048 singulis
946 988 1146 1047 expedirentur“‚
1178 1056 1184 1063 ,

297 1245 380 1309 Quae
411 1245 468 1306 etei
498 1248 638 1322 poterant
667 1245 722 1306 vix
755 1244 842 1305 aliter
864 1243 1014 1318 enarrari,
1046 1249 1146 1304 tamen
1167 1251 1290 1322 propter

212 1348 444 1427 ,expedirentur
467 1369 527 1409 non
549 1348 714 1410 omittenda
735 1349 848 1409 censui.

295 1455 333 1511 Iu
355 1454 458 1512 eodem
480 1452 665 1512 Macrobiani
687 1450 794 1529 capitia
817 1450 834 1530 5
859 1453 875 1510 7
899 1451 1025 1527 legimus
1046 1452 1136 1509 haec:

212 1557 285 1618 „Hoc
302 1570 387 1603 menae
404 1555 449 1620 (sc.
461 1551 552 1621 Marte)
566 1591 591 1602 ..
608 1591 613 1601 .
632 1560 657 1602 et
674 1568 724 1604 ser-

211 1642 251 1690 vis
269 1656 343 1689 cenas
360 1641 520 1702 adponebant
536 1645 679 1701 matronae,
698 1646 730 1691 ut.

212 1727 307 1774 domini
325 1726 514 1775 Saturnalibus:
537 1726 596 1773 illae
614 1732 642 1773 ut
659 1727 725 1788 prin·

209 1813 274 1873 cipio
293 1813 352 1860 anni
370 1813 403 1859 ad
419 1818 561 1873 promptum
580 1813 725 1873 obsequium

210 1900 304 1946 bonore
329 1912 415 1946 servos
441 1898 592 1957 invitarent,
617 1898 642 1944 hi
667 1899 725 1958 quia

211 1985 317 2044 gratiam
334 1984 436 2043 perfecti
449 1984 530 2045 operis
542 1984 725 2032 exsolvereni“.

210 2121 321 2169 Macrob.
341 2120 433 2180 sat.1,
454 2123 494 2180 12,
515 2123 562 2168 14:

210 2242 271 2300 „sed
289 2255 345 2288 eum
444 2241 546 2289 arbores
564 2255 661 2301 quoque
678 2255 724 2288 nec

208 2326 291 2375 minus
318 2329 399 2375 cetera
425 2341 487 2387 quac
519 2326 628 2375 continet
658 2331 724 2375 terra

209 2413 306 2473 aperire
323 2427 351 2460 se
367 2414 394 2459 in
407 2428 507 2474 germen
524 2413 671 2474 incipiant“.

209 2550 320 2597 Macrcb.
341 2549 392 2597 Sat.
410 2552 431 2611 I,
450 2552 490 2610 13,
511 2555 557 2600 19:

209 2670 292 2730 „unde
310 2669 362 2717 dies
380 2670 423 2719 ille
443 2703 489 2717 ...
509 2685 594 2719 eorum
612 2676 650 2720 est
667 2686 722 2732 per·

207 2756 298 2804 missus
328 2756 447 2817 arbitrio,
481 2758 524 2817 qui
553 2757 624 2806 lastis
650 2772 721 2818 prae·

210 2843 307 2899 erant“,

207 2926 318 2973 Macrob.
337 2925 387 2974 Sat.
405 2929 426 2987 I,
447 2931 487 2988 14,
507 2932 531 2977 2.

208 3014 275 3073 „Sed
286 3019 373 3074 postea
391 3013 419 3060 C.
432 3014 524 3063 Caesar
543 3029 640 3062 omnem
655 3016 720 3063 bane

207 3100 399 3148 inconstantiam
416 3104 571 3160 temporum“
589 3116 609 3149 e.
626 3116 649 3161 q.
664 3116 684 3150 s.

209 3185 320 3232 Macrob.
338 3185 391 3233 Sat.
408 3187 428 3244 I,
448 3188 488 3244 14,
507 3189 553 3236 13:

209 3272 290 3331 „Nam
314 3286 369 3319 cum
387 3275 511 3332 oporteret
535 3272 599 3319 diem
623 3274 666 3333 qui
690 3288 720 3321 ea

207 3357 387 3417 quadrantibus
405 3359 493 3417 confit,
517 3363 605 3417 quarto
623 3374 720 3419 quoque

206 3456 272 3489 anno
298 3443 424 3502 confecto,
462 3447 594 3503 antequam
619 3446 719 3505 quintus

206 3529 338 3588 inciperet,
372 3529 534 3587 intercalare,
567 3530 606 3576 illi
631 3536 718 3590 quarto

206 3627 256 3660 non
274 3616 389 3674 peracto,
416 3615 460 3663 sed
486 3614 619 3675 incipiente
644 3617 718 3665 inter-

208 3699 352 3746 calebant“.

778 1555 855 1602 Solin.
873 1570 899 1616 p.
920 1558 960 1614 13,
979 1557 1009 1602 4:
1100 1553 1179 1612 „adeo
1197 1556 1224 1598 ut

777 1646 907 1688 matronae
933 1640 1013 1689 servis
1038 1639 1091 1687 suia
1116 1653 1190 1685 cenas
1214 1652 1289 1697 pone·

777 1731 846 1785 rent,
882 1726 955 1774 sicuti
981 1725 1156 1772 Saturnalibus
1180 1723 1290 1784 domini,

777 1812 836 1860 illae
847 1818 876 1859 ut
887 1812 982 1859 bonore
993 1810 1131 1872 promptius
1145 1809 1290 1869 obsequium

777 1902 959 1959 provocarent,
986 1897 1013 1943 hi
1030 1895 1103 1957 quasi
1128 1896 1234 1955 gratiam
1251 1909 1288 1940 re·

778 1989 913 2046 pensarent
930 1962 1033 2045 perfecti
1050 1981 1161 2030 laboris“
1175 1983 1209 2041 1).

775 2071 864 2118 Isidor.
884 2072 914 2117 de
932 2074 982 2117 nat.
1002 2083 1049 2116 rer.
1066 2069 1104 2115 111
1122 2064 1203 2133 (Reiff.
1221 2066 1287 2114 Suet.

776 2157 820 2204 rel.
839 2157 887 2215 frg.
907 2157 976 2215 118),
1026 2190 1027 2193 η

776 2241 889 2302 Aprilem
914 2241 987 2300 quasi
1003 2239 1130 2300 Aperilem
1147 2239 1290 2286 nominave—

775 2333 834 2375 runt
851 2342 894 2388 eo,
920 2327 987 2388 quod
1010 2331 1068 2374 tunc
1085 2325 1219 2388 plurimum
1235 2339 1289 2385 ger-

775 2413 849 2462 minis
869 2414 994 2473 aperiatur
1011 2413 1038 2460 in
1055 2414 1168 2460 florem“.

774 2500 904 2568 Censorip.
931 2502 982 2558 20,
1014 2503 1029 2547 6
1061 2502 1096 2560 (p.
1121 2502 1169 2557 43,
1196 2501 1211 2545 6
1246 2497 1284 2545 ed.

774 2586 808 2633 H.
820 2584 844 2650 ²)

775 2671 950 2732 „pontificibus
959 2672 1044 2718 datum
1055 2668 1181 2731 negotium
1189 2683 1285 2716 eorum·

773 2773 821 2818 que
839 2757 943 2806 arbitrio
960 2756 1125 2805 intercalandi
1150 2755 1213 2801 ratio
1230 2769 1285 2815 per-

773 2844 876 2892 missa“.

773 2929 850 2977 Solin.
868 2944 893 2990 p.
915 2932 954 2988 15,
973 2931 1004 2975 4:

773 3017 876 3075 „Itaque
894 3015 987 3062 Caesar
1004 3014 1147 3062 universam
1164 3012 1230 3060 banc
1247 3013 1284 3059 in·

772 3101 955 3148 constantiam“
973 3116 994 3148 e.
1008 3115 1032 3159 q.
1046 3113 1065 3147 s.

772 3185 849 3233 Solin.
868 3200 892 3246 p.
913 3188 1020 3246 15,1a:
1152 3238 1155 3243 ,

772 3287 848 3331 „nam
859 3287 915 3319 eum
934 3305 941 3317 .
955 3311 960 3321 .
975 3310 980 3319 .
1000 3277 1025 3321 et
1037 3275 1161 3332 oporteret
1172 3271 1283 3318 confecto

771 3362 859 3419 quarto
877 3373 943 3405 anno
961 3358 987 3405 id
1004 3358 1133 3406 observari
1151 3361 1284 3417 antequam

771 3444 871 3504 quintus
889 3445 1072 3504 auspicaretur,
1095 3443 1133 3490 illi
1150 3444 1283 3503 incipiente

771 3535 858 3590 quarto
870 3530 1056 3591 intercalarent,
1067 3545 1117 3578 non
1129 3530 1282 3578 desinente‘.

275 3885 300 3955 1)
318 3889 429 3937 Verbum
448 3889 604 3954 repensare,
622 3905 671 3950 quo
689 3891 766 3940 utitur
785 3891 900 3952 Solinus,
917 3891 997 3953 ipsius
1014 3897 1068 3953 est,
1085 3893 1116 3940 cl.
1134 3906 1160 3952 p.
1180 3892 1220 3951 15,
1239 3895 1281 3939 22.

205 3974 347 4023 Macrobius
365 3980 446 4023 autem
463 3977 541 4024 verbo
559 3978 702 4038 exsolvere,
730 3978 797 4038 quod
814 3979 890 4026 etiam
906 3980 933 4026 in
949 3980 1021 4027 initio
1047 3980 1221 4039 §„mercedes
1240 3991 1280 4023 ex-

206 4060 355 4108 solvebaut“
375 4065 464 4123 exstat,
482 4063 545 4111 alias
564 4077 613 4110 non
631 4063 715 4112 utitur.

275 4143 302 4210 2)
320 4147 351 4195 ei.
370 4146 495 4196 Wissowa
512 4164 537 4209 p.
558 4150 589 4197 19
608 4165 633 4198 n.
653 4151 685 4214 ²3
702 4164 725 4209 p.
746 4152 789 4197 21.
