2992 4700
703 326 918 392 ..34-

274 504 325 546 cus
346 484 509 545 sacillum
531 484 721 565 antiquorum
746 483 1005 558 grammaticorum
1030 483 1140 542 citandi
1164 501 1274 541 morem
1299 482 1359 540 de·

271 590 360 649 betur
380 587 513 666 Sulpicio
534 587 722 665 Apollinari,
745 587 829 646 cuius
852 587 1054 646 testimonium
1077 586 1178 645 attulit
1201 604 1358 645 commen-

271 696 351 751 tator
372 690 481 771 aliquia
503 689 690 768 (secuturi),
719 709 787 748 nam
809 690 874 767 ipse
896 688 1046 765 Sulpicius
1068 688 1294 748 commentarios
1320 687 1355 744 in

272 794 435 870 Vergilium
459 812 518 853 non
542 793 726 871 conscripsit

357 898 430 956 (ium
446 895 539 971 igitur
553 897 646 957 totius
668 895 759 955 huius
780 894 874 972 partis
896 900 1003 956 natura
1024 894 1064 955 sit
1086 913 1130 967 ea,
1152 900 1187 954 11
1208 894 1357 970 praebeat

271 1004 437 1062 commenta
460 1000 623 1072 variorum,
652 999 711 1059 alia
732 1004 779 1058 est
800 1017 848 1057 res
870 998 901 1056 in
924 1004 1009 1075 parte
1031 998 1148 1075 priore;
1178 1016 1239 1055 non
1268 996 1354 1053 enim

271 1107 534 1164 commentatorum
568 1104 754 1183 quorundam
777 1102 1043 1177 interpretamenta
1075 1100 1154 1160 nude
1183 1100 1269 1158 iuxta
1295 1118 1355 1172 po·

269 1211 390 1278 nuntur,
412 1205 464 1264 sed
486 1205 647 1264 ostendunt
668 1206 741 1264 haec
765 1203 878 1263 scholia
899 1204 989 1263 unius
1010 1202 1192 1280 grammatici
1217 1219 1351 1278 operam.

272 1310 348 1367 Nam
371 1307 450 1386 quod
472 1308 575 1383 paucis
596 1307 670 1366 loeis
691 1307 741 1365 hic
763 1306 879 1383 profert
901 1306 990 1366 etiam
1013 1306 1136 1366 alteram
1159 1303 1351 1374 sententiam,

274 1410 350 1470 nihil
372 1414 477 1469 contra
498 1429 553 1469 nos
575 1409 677 1482 efficit,
707 1429 775 1469 oum
796 1410 828 1467 id
851 1428 877 1467 e.
900 1428 945 1484 gr.
977 1411 1057 1485 apud
1078 1407 1214 1468 Servium
1237 1406 1352 1482 saepis·
1380 1428 1383 1441 ·

270 1513 343 1573 sima
371 1518 517 1584 occurrat,
548 1531 675 1591 cumque
707 1511 888 1584 nesciamus,
920 1531 992 1571 num
1013 1511 1091 1572 forte
1114 1509 1287 1570 circumcisa
1308 1509 1351 1566 sit

271 1615 433 1675 adnotatio.
477 1615 594 1674 Deinde
616 1634 676 1674 non
699 1615 914 1691 spernendum,
946 1616 1026 1695 quod
1047 1614 1080 1673 in
1101 1615 1158 1674 hac
1179 1617 1263 1689 parte
1286 1631 1349 1669 non

270 1736 373 1778 omnes
394 1717 436 1776 illi
453 1718 637 1792 grammatici
654 1717 855 1790 nominantur,
878 1719 930 1778 sed
944 1718 1092 1777 Cornutus
1113 1722 1228 1777 tantum
1251 1735 1279 1791 p.
1297 1715 1347 1787 72,

270 1827 289 1880 8
312 1827 344 1881 et
366 1840 396 1896 p.
415 1820 464 1893 73,
481 1825 520 1878 26
545 1820 609 1898 (ubi
632 1821 781 1880 sententia
805 1820 868 1880 eius
890 1818 1058 1895 refellitur),
1081 1825 1177 1896 Asper
1199 1839 1228 1895 p.
1245 1818 1295 1891 75,
1312 1823 1346 1887 6;

269 1943 297 2000 p.
323 1923 379 1996 87,
403 1927 461 1994 aa;
496 1923 626 2003 denique
648 1923 765 1982 Probus
794 1943 823 2000 p.
848 1928 901 1996 86,
926 1928 982 1994 213
1012 1912 1217 1982 desiderantur
1249 1926 1345 1981 autem

269 2027 400 2102 Longus,
424 2025 560 2099 Scaurus,
583 2026 756 2086 Aterianus.
802 2028 955 2086 Postremo
978 2031 1076 2086 autem
1098 2025 1208 2084 multus
1230 2030 1277 2082 est
1297 2025 1344 2082 hio

269 2127 477 2205 grammaticus
492 2128 524 2186 in
540 2128 718 2188 adnotandis
735 2128 828 2188 variis
843 2128 1055 2188 vocabulorum
1071 2127 1338 2203 significationibus,

268 2231 352 2292 velut
373 2251 401 2307 p.
416 2235 465 2303 80,
483 2234 522 2289 81
547 2226 645 2307 ,arma’
668 2236 822 2307 ponuntur
838 2251 893 2307 pro
911 2275 937 2290 ..
961 2252 990 2307 p.
1006 2235 1054 2302 81,
1076 2235 1111 2288 14
1136 2227 1338 2310 111111111-

269 2339 337 2394 tuor
352 2333 585 2410 significationes
600 2335 692 2394 habet
714 2380 761 2394 ...
784 2355 813 2411 p.
832 2339 881 2409 81,
899 2339 937 2393 le
954 2330 1037 2415 ,ora';
1060 2355 1088 2410 p.
1107 2337 1155 2406 81,
1173 2338 1212 2392 29
1233 2331 1343 2413 ,111111-

269 2433 339 2495 lere'
353 2457 383 2513 p.
395 2442 444 2511 82,
461 2443 473 2495 l
494 2432 611 2518 ‘alturnss
628 2456 657 2513 p.
669 2442 746 2510 82,6
763 2433 915 2514 insignis,
931 2457 960 2513 p.
972 2443 1021 2510 82,
1039 2442 1078 2495 23
1094 2433 1240 2519 ι1111111,
1256 2457 1286 2513 p.
1296 2442 1343 2508 85,

270 2546 309 2597 25
333 2536 414 2621 ‘fata'
436 2539 570 2619 aliaqne;
598 2540 683 2600 ouius
705 2540 795 2600 studii
818 2540 849 2598 in
872 2553 956 2617 parte
978 2540 1072 2601 altera
1093 2540 1263 2616 exemplum
1285 2561 1343 2597 om-

270 2644 343 2702 nino
369 2662 428 2701 non
451 2644 589 2701 occurrit.
633 2644 750 2703 Gentius
772 2648 871 2703 tamen
894 2645 1055 2723 quidquam
1085 2646 1121 2702 de
1143 2644 1344 2703 commentarii

270 2745 360 2803 huius
382 2745 490 2821 prioris
519 2749 653 2822 tempore
675 2767 737 2806 non
759 2748 929 2818 statuerim,
959 2767 1024 2806 cum
1045 2767 1137 2806 unum
1161 2748 1265 2806 saltem
1287 2747 1343 2806 dis·
1449 2789 1450 2796 .

269 2848 395 2908 suadeat
417 2866 484 2905 eum
506 2848 606 2922 paullo
629 2855 698 2926 post
718 2850 848 2926 Asprum
865 2851 1055 2930 Probumque
1077 2869 1141 2910 esse
1164 2855 1341 2927 excerptum,

268 2969 307 3009 sc.
331 2970 359 3026 p.
386 2954 434 3022 81,
460 2954 497 3007 10
528 2951 602 3022 „Vir
623 2953 720 3012 tribus
743 2954 837 3012 modis
868 2955 909 3012 ad
939 2954 1260 3027 intellegentiam
1282 2955 1335 3009 da-

269 3057 344 3123 tur-3
371 3052 493 3129 ponitur
508 3053 588 3111 enim
603 3060 717 3127 natura,
739 3056 860 3128 virtute,
883 3056 1062 3116 adfinitate“.
1108 3058 1153 3114 De
1167 3042 1353 3117 alteradein'

268 3161 352 3230 parte
382 3156 411 3213 id
443 3159 559 3215 tantum
582 3157 738 3215 dicendum
768 3158 966 3234 conscriptam
994 3159 1071 3218 hanc
1093 3179 1158 3218 esse
1181 3167 1250 3236 poet
1275 3164 1312 3218 At
1328 3193 1340 3202 -

267 3258 436 3335 rionum1).

355 3360 412 3419 His
441 3361 635 3437 praemonitis
664 3364 700 3422 de
732 3363 910 3424 scholiorum
941 3364 1157 3425 Veronensium
1189 3366 1343 3445 naturo2),
1454 3413 1455 3442 ,

271 3549 475 3561 Q

340 3665 366 3728 1)
382 3666 549 3716 Graelenhan.
567 3666 661 3736 (gesch.
681 3674 705 3719 d.
724 3671 755 3720 cl.
773 3671 859 3733 philol.
877 3671 913 3720 IV
931 3689 956 3735 p.
975 3678 1036 3735 304)
1065 3677 1188 3737 persuasit
1205 3674 1341 3727 Ribbaokio

270 3752 353 3816 (proll.
379 3768 403 3814 p.
425 3752 492 3817 177).
537 3757 683 3830 Aterianum
708 3772 763 3807 esse
780 3759 877 3807 dulium
894 3762 962 3808 Ater.
980 3763 1124 3811 historicum
1150 3765 1216 3813 tertii
1241 3781 1265 3827 p.
1284 3766 1339 3815 cnr.

271 3853 295 3885 u.
323 3839 424 3887 saeculi.
461 3841 554 3889 Nititur
571 3846 653 3891 autem
678 3843 740 3891 haec
758 3845 899 3893 coniectura
917 3848 987 3895 nulla
1012 3864 1039 3896 re
1063 3850 1111 3898 nisi
1134 3852 1262 3899 nominum
1287 3868 1341 3900 con·

271 3935 353 3971 sensu.

339 4008 365 4072 2)
393 4009 477 4059 Possit
499 4014 623 4075 quispiam
648 4016 760 4063 conicere
785 4016 845 4064 inde
870 4021 936 4079 quod
962 4021 994 4068 ab
1019 4024 1081 4072 Aen.
1107 4025 1146 4071 111
1171 4027 1235 4073 alter
1259 4027 1341 4089 incipit

271 4096 477 4157 commentarius,
509 4099 622 4148 Danielis
652 4102 802 4149 scholiorum
829 4106 949 4153 rationem
975 4107 1081 4155 similem
1110 4125 1186 4172 supra
1209 4117 1340 4175 expositam

270 4192 325 4227 esse
343 4182 518 4241 repetendam,
545 4185 580 4230 ita
606 4190 634 4232 ut
651 4192 794 4246 sequeretur
819 4190 964 4249 primarium
989 4197 1013 4238 et
1037 4194 1185 4245 scholiastae
1203 4199 1293 4249 Veron.
1319 4209 1341 4250 11

1390 3481 1393 3488 U
1454 3455 1456 3472 l

1454 3647 1456 3713 l
