2992 4700
659 336 873 400 ...pom

229 498 296 571 pter
318 493 402 572 pueri
427 492 665 571 trepidationem.
688 519 731 543 =
753 493 781 551 S.
799 495 833 551 A.
855 493 898 565 ΙΙ,
924 492 984 550 ’124
1009 490 1159 550 Puerilem
1183 511 1304 568 expres·

232 598 272 657 eit
295 596 442 659 timorem.

316 701 400 759 Haec
422 704 492 758 sunt
513 698 629 758 omissis
644 697 769 778 aliquot,
792 697 952 778 dequibus
975 697 1046 777 quia
1060 697 1202 756 lacunosa
1224 701 1303 769 sunt,

230 802 367 862 dubitare
388 801 511 880 lieet1).
535 801 649 860 scholia
669 801 779 878 prioris
802 782 904 877 paitie,
928 819 1005 879 quae
1028 820 1093 858 cum
1108 800 1213 861 Servio
1233 819 1304 858 con-

229 906 355 965 ferenda
370 910 471 977 erant;
496 906 704 964 subnectamus
720 904 830 976 statim,
854 903 983 985 quaein
1006 902 1101 963 altera
1115 908 1201 980 parte
1223 901 1301 962 eius-

229 1011 296 1069 dem
319 1012 390 1069 sunt
410 1013 551 1068 naturae:

314 1132 342 1189 p.
367 1116 431 1185 92,
457 1116 502 1169 16
526 1109 709 1189 Plemyrium
731 1110 889 1186 undosum]
922 1153 953 1166 ..
985 1108 1097 1168 dietum
1118 1114 1217 1169 autem
1241 1101 1303 1167 eiad

232 1210 398 1294 πλημυρίας
420 1212 513 1291 (ideo)
537 1218 597 1286 661,
630 1214 708 1292 quod
738 1212 870 1292 undique
900 1212 1041 1272 fluctibus
1072 1211 1220 1291 undisque
1253 1213 1304 1271 ad-

229 1318 341 1378 luatur.
373 1343 418 1369 =--
450 1317 479 1377 S.
502 1319 538 1376 A.
560 1315 619 1389 ΙΙΙ,
643 1321 704 1374 692
727 1359 734 1375 .
754 1359 761 1374 .
783 1316 842 1374 hoo
864 1320 909 1373 est
932 1314 1012 1374 enim
1031 1315 1196 1397 ‘undosum'
1226 1317 1304 1395 qnod

230 1415 442 1503 ‘Plemyriuml

314 1542 343 1601 p.
367 1529 429 1596 92,
454 1528 499 1580 24
523 1522 698 1600 Pachynum
720 1521 842 1598 dictum,
864 1521 944 1601 quod
966 1521 1008 1579 ibi
1030 1526 1209 1599 propter-
1232 1522 1304 1580 den-

230 1629 291 1686 sior
314 1628 353 1686 eit
375 1646 433 1686 aer.
449 1652 493 1677 =
507 1626 535 1685 S.
553 1628 588 1685 A.
604 1625 663 1699 ΠΙ,
681 1630 740 1683 699
765 1669 796 1685 ..
818 1625 898 1684 unde
921 1629 951 1684 61
972 1625 1006 1683 P.
1029 1624 1141 1683 dietum
1164 1628 1201 1684 ab
1224 1626 1303 1685 acris

234 1728 441 1790 crassitudine.

254 1904 257 1909 ,
314 1854 343 1911 p.
368 1838 429 1906 92,
453 1837 497 1890 26
515 1876 520 1889 .
536 1834 608 1909 Asp.
625 1831 783 1891 Camerina
799 1828 918 1891 Siciliae
934 1831 1075 1910 oppidum
1138 1876 1146 1890 .
1165 1876 1171 1891 .
1188 1833 1301 1892 exhau-

231 1937 291 1995 rire
315 1955 379 1994 eam
401 1933 613 2004 instituerunt3
644 1953 720 2015 quae
752 1953 818 1993 cum
847 1933 1064 2009 attingeretur,
1097 1934 1169 1993 eatis
1193 1939 1303 1994 tetrum

232 2039 351 2098 odorem
373 2036 525 2114 reddidit.
569 2037 643 2095 Tum
667 2031 793 2096 oonsilio
816 2043 903 2115 capto
926 2039 963 2095 ad
986 2037 1138 2096 oraculum
1154 2037 1304 2114 Apollinis

229 2118 377 2200 adierunt.
422 2139 482 2218 (Ibi
505 2160 680 2219 responsum
702 2160 720 2198 a
743 2140 798 2198 dec
821 2144 866 2199 est
888 2140 959 2218 ita):
990 2133 1049 2217 Mei
1074 2138 1147 2199 κίνει
1175 2138 1303 2220 Καμερί-

228 2264 284 2302 ccv
309 2264 315 2278 ·
345 2237 485 2321 ἀκίνητος
506 2235 567 2323 ,γὰρ
591 2237 729 2320 ἀμείνων.
759 2269 802 2292 =
824 2242 853 2302 S.
876 2246 913 2303 A.
935 2245 994 2318 III,
1018 2246 1097 2322 7013
1128 2245 1179 2326 qui
1202 2246 1304 2304 eadem

230 2353 333 2407 narrat
354 2348 445 2426 Aspri
468 2346 589 2407 nomine
611 2367 671 2406 non
694 2345 805 2406 additu.

319 2472 347 2529 p.
373 2457 437 2526 93,
460 2457 478 2509 6
501 2449 649 2531 Drepani]
674 2495 706 2510 ..
731 2471 798 2510 cum
820 2455 965 2510 castraret
986 2458 1102 2527 patrem
1125 2455 1305 2513 66661066-

228 2554 300 2613 lum.
323 2582 366 2606 =
388 2556 416 2617 S.
439 2559 474 2614 A.
498 2555 557 2629 m,
582 2555 641 2614 707
671 2555 845 2632 Drepanum
868 2555 975 2616 ciritae
997 2554 1076 2615 dieta
1100 2598 1130 2614 ..
1154 2556 1203 2619 vel
1226 2558 1304 2635 quod

228 2657 373 2717 Saturnus
395 2664 464 2737 post
485 2663 638 2736 amputata
659 2658 759 2718 virilia
781 2659 869 2717 Caelo
899 2657 978 2736 patri
1008 2658 1080 2717 illuc
1101 2658 1208 2717 falcem
1230 2678 1304 2736 pru·

230 2761 311 2821 iecit.
567 2751 569 2758 ¹

315 2884 344 2940 p.
369 2869 432 2936 93,
471 2868 515 2922 16
553 2864 689 2937 Longum
722 2863 861 2945 ‘segnior'
892 2864 1054 2926 deformior
1084 2864 1300 2942 accipiendum.

228 2994 271 3017 =
293 2967 323 3026 S.
348 2970 382 3025 A.
405 2966 458 3039 IV,
487 2971 542 3024 149
573 2966 662 3025 Haud
684 2966 736 3025 illo
760 2965 894 3045 segnior]
925 2967 957 3025 id
980 2973 1025 3026 661
1048 2989 1108 3027 uon
1130 2967 1182 3027 illo
1206 2968 1302 3027 defor-

234 3070 317 3130 mior.
1220 3081 1221 3084 ’

316 3193 345 3250 p.
369 3176 431 3245 94,
456 3176 473 3228 4
497 3172 680 3245 Extremam]
698 3176 798 3232 utrum
813 3172 993 3251 pessimam?
1016 3193 1055 3232 an
1070 3174 1215 3234 eruditius
1239 3195 1303 3234 sen·

228 3278 285 3351 sit,
315 3281 350 3334 ut
378 3275 503 3349 legimus
534 3275 612 3353 apud
642 3275 788 3350 medicos,
820 3277 1000 3352 degenerare
1033 3276 1139 3348 (solere
1172 3279 1303 3356 ulti)mos

233 3379 377 3458 partus²)
406 3405 449 3430 =
471 3378 500 3438 S.
522 3381 559 3438 A.
582 3379 636 3452 IV,
663 3381 720 3439 179
745 3425 776 3440 ..
806 3386 858 3440 aut
881 3387 961 3440 certe
982 3376 1134 3463 ‘extrema'
1157 3383 1301 3458 pessima;

300 3616 382 3682 1101.
401 3633 425 3679 p.
445 3621 502 3678 ‘13‚1
523 3618 725 3679 61666611,
745 3623 769 3667 1.
804 3618 886 3668 Schol.
906 3620 938 3666 ad
955 3619 1009 3666 Eol.
1029 3620 1098 3678 VIII,
1118 3623 1149 3668 21
1176 3620 1272 3685 (Herm.
1291 3622 1303 3666 1

230 3721 255 3766 6.
276 3703 318 3770 11)
337 3709 362 3752 61
379 3699 455 3751 S.'ad
472 3705 496 3751 h.
513 3705 529 3750 l.
548 3706 634 3770 Pam
655 3707 686 3753 16
706 3710 730 3752 61
747 3705 771 3753 S.
790 3705 844 3753 Ecl.
863 3705 933 3762 VIII,
953 3708 1000 3765 44,
1020 3720 1044 3765 p.
1065 3707 1106 3764 77,
1125 3707 1156 3752 21
1184 3711 1209 3752 61
1226 3705 1250 3753 S.
1271 3705 1302 3751 G.

226 3793 260 3849 11,
278 3793 337 3839 299,
356 3805 380 3850 p.
401 3791 441 3848 79,
462 3791 493 3837 15
512 3794 537 3836 61
551 3789 574 3837 S.
589 3788 619 3837 G.
636 3791 682 3848 111,
702 3793 724 3839 ’1,
763 3791 881 3838 Similiter
899 3790 1004 3838 fortasse
1022 3791 1097 3838 schol.
1116 3793 1179 3838 Aen.
1197 3793 1229 3849 11,
1251 3795 1301 3840 420

227 3876 324 3936 (Herm.
344 3877 369 3923 11
386 3891 411 3935 p.
431 3877 457 3934 8)
477 3876 668 3939 ‘Amplexaeque
685 3880 771 3923 tenent
787 3873 881 3942 postes]
910 3873 1021 3941 (antiqua
1038 3867 1093 3937 illa)
1120 3878 1302 3925 eonsuetudine'

227 3962 426 4022 coniungandum
448 3975 504 4008 cum
521 3959 609 4009 Servio
633 3962 665 4008 ed
683 3961 708 4007 h.
726 3963 753 4020 1,,
778 3959 820 4022 qui
838 3963 1040 4011 consuetudinem
1057 3963 1128 4010 illam
1145 3964 1235 4023 probat
1252 3965 1303 4011 Me-

227 4048 287 4095 deae
305 4048 425 4106 exemplo.

295 4131 321 4197 2)
338 4132 449 4180 Adnotat
466 4131 558 4179 Veron.
576 4132 697 4194 interpres
723 4139 767 4182 aut
790 4134 934 4195 simpliciter
957 4133 1106 4198 ‘extremam'
1131 4135 1302 4197 accipiendam

145 4225 147 4229 “
226 4232 272 4277 pro
297 4217 445 4282 ‘passimam’
472 4224 515 4267 aut
532 4218 651 4269 eruditius
677 4219 712 4269 116
728 4225 828 4281 poetam
844 4222 953 4269 locutum
977 4234 1027 4270 666.
1044 4220 1195 4269 medicorum
1213 4223 1303 4272 doctri·
