2992 4700
470 335 478 351 0
548 346 555 358 „
590 353 599 364 v
632 342 638 351 ι
663 341 672 355 0

469 370 502 387 ο·
546 374 555 389 ⁰
582 366 604 394 v*-
670 370 717 394 ιι-
760 347 781 411 2
823 382 865 393 -

546 405 583 425 si
669 405 676 418 Ι

233 512 351 565 storum
366 505 571 574 idoneorum’3
594 521 683 581 quam
699 502 940 562 observationem
959 501 1147 562 verissimam
1169 522 1227 560 non
1245 522 1313 580 pos-

232 628 298 668 sum
319 607 394 687 quin
416 605 520 685 peuois
549 623 694 664 enarrem.

317 709 452 780 Primos,
486 712 632 787 quantum
659 706 799 786 equidem
830 707 907 779 seio,
939 706 1144 784 Hieronymus
1157 704 1184 781 1)
1215 707 1309 766 tradit

230 812 457 889 grammatioum
480 810 612 889 aliquem
637 807 865 887 interpretando
888 810 1009 868 Luoano
1030 829 1151 887 operam
1173 809 1308 882 dedisse3

232 922 322 995 atque
343 916 403 974 hoo
424 913 562 973 firmetur
584 932 634 985 eo,
658 913 738 991 6666
759 912 839 990 apud
862 909 1047 991 antiquiores
1069 910 1124 971 vix
1147 911 1309 972 exhibetur

228 1018 327 1108 testis.
372 1018 480 1095 Itaque
502 1016 616 1074 frustra
637 1034 705 1073 eum
729 1013 849 1094 quaeris
873 1015 954 1092 apud
969 1013 1109 1085 Gellium,
1132 1014 1254 1074 Festum
1267 1015 1306 1091 ²),
1377 1054 1379 1057 -
1432 1016 1436 1023 ’

229 1121 309 1199 apud
330 1118 462 1178 Nonium
484 1118 679 1191 Mareellum,
702 1118 782 1195 apud
804 1116 992 1189 charisium,
1013 1115 1125 1196 quippe
1148 1117 1232 1177 auius
1254 1138 1305 1176 au·

231 1229 328 1282 oteres
358 1226 429 1281 sunt
450 1219 654 1300 antiquiores,
685 1221 765 1298 apud
787 1219 979 1278 seholiastam
1001 1217 1130 1294 Vergilii
1152 1221 1304 1279 Veronen-

230 1345 292 1386 sem
306 1322 345 1401 8).
390 1323 488 1383 Semel
515 1322 645 1402 denique
675 1322 707 1381 in
730 1321 950 1400 Porphyrionis
973 1321 1186 1380 commentario
1209 1323 1305 1381 Hora·

227 1429 309 1488 tiano
340 1427 377 1485 ad
399 1425 495 1485 Germ.
525 1425 589 1499 IV,
619 1429 675 1499 14,
700 1429 740 1483 49
770 1426 909 1485 Lucanus
939 1423 1025 1484 testis
1056 1425 1207 1498 adfertur,
1239 1446 1305 1484 eum

174 1575 179 1581 .
228 1528 401 1608 saepissime
433 1528 463 1587 id
496 1528 550 1587 fiat
580 1528 611 1586 in
645 1527 922 1587 Pseudo-heronis
952 1527 1074 1587 scholiis
1087 1528 1126 1601 4).
1180 1530 1306 1587 Prorsus

227 1635 307 1693 idem
329 1632 409 1691 eadit
430 1631 463 1689 in
485 1631 668 1691 iuvenalem.
713 1631 825 1690 Contra
847 1631 907 1690 alia
937 1636 983 1690 est
1005 1651 1054 1691 res
1077 1632 1155 1708 apud
1179 1631 1304 1709 6661616-

225 1757 274 1797 res
296 1735 483 1812 Hieronymo
506 1733 645 1813 aequales
673 1732 722 1794 vel
744 1734 886 1793 iuniores.
942 1736 1078 1814 Namque
1100 1734 1239 1805 Servius,
1270 1739 1313 1791 ut¹

225 1840 345 1901 tandem
368 1838 405 1897 ad
423 1843 563 1897 nostrum
584 1838 756 1911 redeamus,
789 1837 961 1916 saepissime
983 1840 1039 1897 hos
1061 1844 1166 1916 poetas
1187 1839 1304 1916 profert

225 1944 265 2021 (e.
290 1963 333 2018 gr.
350 1943 504 2001 Lueannm
521 1945 595 2002 Aen.
616 1942 709 2019 praei.
732 1960 762 2017 p.
780 1947 816 1998 5.·
830 1941 854 2014 I,
875 1946 899 2000 1.
917 1947 945 2002 2.
964 1948 991 2000 8.
1009 1947 1059 2000 35.
1077 1946 1125 1999 58.
1147 1946 1212 2000 165.
1230 1944 1301 1998 203.

229 2051 300 2105 946.
324 2050 396 2104 394.
420 2049 491 2102 399.
515 2045 587 2102 417.
612 2048 683 2103 696.
708 2048 779 2103 691.
822 2045 998 2116 Iuvenalem
1013 2046 1199 2121 henpraef.
1221 2065 1250 2121 p.
1274 2050 1302 2101 4.
1336 2104 1339 2109 ,

226 2150 253 2222 I,
282 2153 307 2206 l.
335 2152 381 2206 16.
408 2151 476 2205 164.
503 2150 572 2204 180.
596 2151 666 2205 215.
691 2152 763 2206 346.
787 2148 858 2205 637.
882 2153 952 2206 654.
974 2149 1072 2223 726.);
1106 2148 1167 2206 iem
1189 2147 1303 2207 deside·

224 2257 331 2311 rantur
352 2249 385 2308 in
403 2248 540 2307 Danielis
562 2249 783 2318 additamentis,
807 2252 887 2330 quod
909 2250 998 2310 aliter
1020 2250 1164 2329 explioeri
1188 2250 1302 2331 nequit,

225 2374 314 2436 quam
344 2359 378 2413 ut
406 2356 571 2412 statuamus
601 2374 637 2413 ea
668 2355 804 2414 derivata
834 2375 898 2413 esse
929 2376 967 2415 ex
1000 2355 1171 2414 auctoribus
1195 2359 1301 2434 quarto

224 2456 340 2517 6666616
356 2456 587 2536 antiquioribus.
631 2456 819 2516 Casuellanua
840 2458 919 2517 enim
936 2477 1012 2537 6666
1034 2459 1069 2519 66
1087 2459 1222 2531 henli,
1239 2465 1300 2518 446

225 2562 318 2620 habet
340 2560 496 2619 adnotate:
521 2570 580 2631 „ut
601 2560 637 2620 66
654 2562 707 2619 loo
717 2559 824 2640 fructu
843 2561 1008 2640 fruetuum,
1041 2565 1083 2619 ito
1103 2572 1132 2619 et
1149 2561 1300 2631 domuum,

224 2683 289 2724 nam
319 2671 347 2720 et
378 2664 528 2721 luvenalis
560 2666 679 2740 ,vessera
710 2683 880 2740 magnorum
911 2664 1051 2721 domssssm'
1088 2667 1171 2735 os‘t“,
1215 2664 1301 2724 Thilo

224 2768 362 2844 (praeiet.
393 2786 423 2843 p.
448 2766 501 2841 35)
532 2786 599 2825 oum
628 2786 688 2826 666
722 2768 818 2826 solum
840 2768 975 2830 cledonii
1006 2769 1056 2826 666
1087 2768 1177 2826 etiam
1206 2766 1301 2844 ipsius

223 2868 322 2930 Servii
346 2873 376 2927 et
399 2868 523 2944 Pompei
547 2870 638 2928 verba
660 2870 813 2929 simillima
835 2872 911 2944 sint,
942 2872 1037 2932 Servii
1062 2891 1127 2929 esse
1158 2875 1188 2929 et
1209 2870 1301 2928 libra·

292 3104 317 3173 1)
335 3107 381 3155 list
398 3106 543 3155 notissimus
561 3108 604 3154 ille
622 3108 692 3155 16666
709 3107 811 3154 Hieron.
839 3109 895 3155 adv.
913 3108 993 3155 Rufiu.
1013 3109 1040 3165 1,
1062 3111 1108 3156 16:
1135 3108 1216 3167 „Puto
1234 3110 1298 3168 quod

222 3208 283 3255 puer
301 3194 406 3253 legaris:
434 3193 510 3253 Aspri
528 3194 553 3240 16
571 3193 708 3254 Vergilium
735 3199 760 3239 et
778 3192 923 3241 Sallustium
942 3194 1133 3242 commentarios
1232 3196 1299 3243 etin

222 3280 330 3327 Terentii
348 3279 488 3326 comoedias
506 3279 672 3340 praeceptoris
690 3279 739 3326 mei
758 3280 866 3338 Donati,
885 3293 961 3338 66666
979 3280 1004 3326 16
1026 3280 1178 3340 Vergilium,
1197 3288 1221 3329 et
1238 3283 1300 3330 alio·

222 3380 277 3414 rum
294 3367 321 3412 16
339 3365 415 3413 alios:
434 3366 550 3412 Plautum
561 3365 685 3425 videlieet,
703 3365 856 3421 Lucretium,
874 3366 1001 3427 Flaccum,
1019 3366 1132 3413 Persium
1145 3373 1218 3427 atque
1235 3370 1299 3416 Lu·

221 3465 347 3500 eanum.

291 3535 317 3599 2)
335 3537 391 3583 Non
409 3537 484 3597 igitur
502 3551 547 3598 pro
564 3533 632 3586 eert‘o
650 3539 814 3599 accipiemus,
833 3539 899 3598 quod
917 3540 1021 3586 adnotat
1036 3538 1157 3588 lliillerus
1176 3542 1208 3589 ad
1226 3542 1297 3589 Paul.

221 3622 293 3669 Diae.
312 3637 337 3683 p.
357 3624 405 3670 34:
423 3637 443 3672 s.
461 3638 485 3673 v.
506 3625 639 3685 „Bardust
665 3624 763 3672 Galliae
781 3629 868 3673 cantor
886 3626 1040 3685 appellatur,
1064 3626 1105 3685 qui
1123 3626 1233 3673 virorum
1250 3628 1298 3672 sor·

220 3710 283 3756 tium
300 3709 388 3756 laudes
405 3709 473 3756 osuit
490 3724 505 3757 6
522 3716 594 3770 gente
611 3710 757 3768 Bardorum,
777 3710 808 3757 de
825 3710 915 3770 quibus
933 3711 1064 3759 Lucanus:
1090 3713 1200 3759 Plurima
1218 3715 1298 3761 securi

220 3794 320 3844 fudistis
339 3795 450 3844 earmina
467 3796 568 3844 Bardi“.
594 3796 675 3844 Huius
698 3797 848 3844 mentionem
866 3798 966 3846 Festum
991 3798 1118 3845 addidisse
1135 3824 1168 3834 --
1186 3805 1298 3858 apertum

222 3880 276 3929 est’

292 3964 321 4030 9)
337 3966 420 4014 Etiam
438 3967 463 4014 in
482 3967 665 4028 commentario,
684 3982 757 4028 quem
775 3968 851 4015 Probi
870 3983 924 4017 esse
942 3969 1000 4016 libri
1018 3973 1147 4028 testantur,
1166 3969 1191 4015 hi
1209 3975 1296 4031 poetae

222 4066 272 4098 non
291 4052 459 4101 nominantur.

289 4135 317 4198 4)
334 4137 429 4186 Lucani
454 4154 553 4188 versum
571 4140 738 4202 Porphyrioni
762 4142 794 4191 ad
812 4140 894 4188 Germ.
919 4141 947 4198 I,
974 4142 1020 4198 ta,
1047 4141 1062 4186 6
1087 4141 1239 4201 adscriptum
1264 4143 1296 4190 ab

222 4221 399 4280 interpolatore
416 4223 477 4270 mibi
491 4228 616 4284 persuasit
632 4226 810 4286 Kiesslingius.
