2992 4700
683 330 723 349 σο
758 352 764 365 ,1
799 344 808 360 0
852 346 860 361 ι

678 364 684 379 ’
749 378 808 398 ⁸¹⁸
852 378 885 394 ιο
924 364 932 375 '
979 378 1039 403 s..
1070 378 1136 391 aas

676 397 684 414 ⁶
770 408 808 428 ο.
854 394 928 424 01⁰⁰
959 396 1156 435 '2²e',r⁴-·⁴

634 406 885 473 ”stow-mar
926 422 1038 455 ‘a’o'wt
1077 436 1123 454 ¹2¹⁹
1155 438 1163 451 ι

198 562 313 638 signet,
343 584 408 622 cum
438 562 550 642 alioqui
581 564 703 622 Mantus
734 564 772 622 ad
799 565 872 622 haec
893 563 1005 622 auxilia
1035 584 1093 622 555
1117 562 1274 641 pertineat.

200 669 244 716 =-ss
265 671 301 726 A.
317 667 357 741 X,
374 671 435 725 202
460 669 537 740 Ergo
555 664 706 741 Vergilius
729 666 834 726 miscet
855 685 963 726 555555
987 671 1017 726 51
1038 672 1169 725 veterem
1185 669 1275 725 Etru-

199 768 282 841 riam,
304 773 338 828 ut
357 769 513 848 utriusque
528 767 728 845 principatum
743 768 858 845 patriae
873 788 943 828 suae
959 770 1098 843 assignet,
1120 788 1185 827 oum
1202 767 1275 827 alio·

199 871 271 950 quin
295 872 418 930 Mantua
440 874 477 930 ad
499 872 571 929 haec
593 870 706 931 auxilia
727 871 879 947 pertinere
902 890 961 929 nou
985 872 1091 931 debeat
1115 915 1145 929 ..

285 994 313 1050 p.
341 977 429 1046 105,
452 974 469 1032 7
493 973 586 1049 Long.
602 978 751 1054 quaerunt
766 972 886 1052 quidam
902 975 1056 1052 quomodo,
1080 973 1105 1031 si
1121 993 1159 1031 ex
1174 972 1275 1030 Fauno

201 1081 231 1134 et
253 1077 385 1153 nympha
406 1081 522 1136 oreatus
543 1077 600 1149 sit,
630 1076 764 1136 mortalis
787 1096 850 1134 5555
873 1075 1020 1152 potuerit,
1052 1077 1192 1155 tanquam
1215 1094 1276 1133 555

193 1180 281 1254 Eryx
311 1178 444 1255 Neptuni
473 1185 504 1238 et
527 1179 652 1238 Veneris
684 1180 763 1238 111155
793 1178 888 1259 (quia)
903 1181 931 1256 ¹)
962 1185 1062 1238 tamen
1085 1180 1121 1238 ab
1143 1177 1275 1236 Hercule

198 1280 238 1339 sit
260 1281 381 1341 occisus.
404 1309 448 1332 =
469 1286 505 1341 A.
531 1282 572 1355 X,
599 1288 658 1341 551
684 1282 759 1341 Nam
782 1287 813 1341 et
834 1282 918 1358 Eryx
942 1281 1067 1340 Veneris
1090 1285 1120 1340 et
1141 1279 1276 1356 Neptuni

198 1383 278 1443 filius
300 1386 336 1443 ab
358 1385 490 1443 Hercule
512 1385 625 1445 occisus
648 1391 700 1445 est.

284 1507 313 1563 p.
340 1492 429 1560 105,
456 1493 500 1546 12
525 1533 532 1547 .
555 1487 628 1548 Lon.
651 1488 734 1562 Istic]
760 1488 891 1564 probis,
914 1492 949 1546 51
973 1487 1096 1546 Plautus
1118 1486 1150 1545 15
1171 1487 1277 1547 Rue..

200 1616 244 1641 =
265 1595 301 1650 A.
323 1591 363 1662 X,
388 1592 448 1649 557
470 1591 554 1651 Istic.
577 1610 630 1668 pro
653 1591 711 1651 hic.

285 1712 314 1769 p.
341 1697 428 1766 106,
456 1698 468 1750 1
492 1695 601 1753 Adnot.
626 1695 706 1773 quod
727 1693 761 1752 in
783 1694 915 1768 catalogo
937 1691 1027 1751 huius
1049 1706 1108 1749 555
1131 1690 1274 1751 meminit.
1336 1724 1337 1729 1

199 1821 243 1845 =
265 1800 300 1855 A.
320 1794 360 1867 X,
386 1800 446 1854 562
470 1797 595 1856 Numam
612 1844 618 1857 .
635 1778 813 1875 Camertem]
838 1798 941 1855 horum
964 1794 997 1853 in
1019 1794 1152 1869 catologo
1175 1791 1274 1872 nou2)

200 1899 345 1958 meminit.

286 2020 315 2078 p.
342 2007 432 2073 106,
456 2006 472 2060 5
504 2000 653 2061 Homerus
684 2001 810 2062 amicum
833 2004 973 2077 Aegeone
995 1999 1070 2058 dicit
1090 1999 1189 2072 Iovis,
1221 2000 1273 2058 sed

200 2103 399 2163 Antimachus
420 2104 452 2162 in
474 2104 526 2163 III
548 2104 641 2162 Theb.
665 2106 693 2163 d.
716 2097 872 2164 adversum
895 2124 961 2162 eum
984 2106 1138 2161 armatum.
1168 2130 1210 2152 =
1239 2106 1275 2161 A.

200 2205 247 2280 X,
272 2211 332 2265 565
365 2252 396 2266 ..
430 2206 579 2265 Homerus
601 2205 679 2265 nihil
700 2205 775 2266 dicit
796 2206 876 2266 aliud
899 2226 986 2285 quam
1102 2212 1132 2264 et
1163 2204 1275 2263 auxilio

201 2328 268 2369 eum
290 2309 357 2370 1551
379 2309 479 2371 151555.

287 2433 315 2490 p.
342 2419 429 2486 106,
455 2419 497 2473 15
521 2414 688 2473 Zenodotus
704 2412 820 2472 ..facit
834 2411 978 2471 disserere
995 2411 1202 2483 Aristarchios,
1225 2411 1278 2489 qui

201 2521 308 2592 putant
330 2516 421 2575 alium
433 2517 552 2575 Paeana
573 2536 645 2589 esse,
668 2515 759 2575 alium
774 2516 964 2592 Apollinem
987 2515 1052 2590 ipse
1074 2514 1200 2572 eundem
1222 2533 1277 2572 nee

203 2619 354 2678 diversum
376 2619 477 2678 multis
500 2622 594 2691 docet,
615 2645 659 2669 =
683 2624 717 2676 A.
741 2618 782 2689 X,
806 2618 866 2676 738
891 2616 1035 2679 Quamvis
1058 2616 1177 2695 quidem
1200 2615 1278 2693 (qui-

203 2722 268 2779 darn
278 2719 301 2797 1)
333 2721 424 2780 alium
447 2721 564 2780 Paeana
586 2740 664 2792 5555,
687 2720 777 2778 alium
799 2718 970 2795 Apollinem
993 2717 1103 2790 velint,
1134 2719 1185 2777 sed
1207 2737 1278 2777 5555

204 2822 302 2882 Paean
324 2823 441 2900 Apollo.

288 2944 316 3001 p.
344 2926 430 2997 107,
458 2929 502 2982 14
526 2922 669 3004 amplius,
691 2923 723 2982 id
745 2928 791 2982 est
812 2921 944 2995 diutius,
966 2924 1092 2984 ulterius
1114 2968 1121 2983 .
1145 2924 1277 2984 Lucilius

204 3071 234 3086 ..
257 3055 301 3079 =
322 3032 357 3087 A.
381 3028 438 3101 IX,
461 3032 522 3088 426
547 3024 696 3104 Amplius]
720 3027 758 3085 de
780 3031 887 3100 cetero,
910 3029 1040 3105 posthae.
1290 3021 1292 3028 ’

287 3130 391 3204 Nemo,
413 3130 536 3207 opinor,
560 3129 612 3209 qui
633 3131 706 3188 haec
728 3129 889 3190 contulerit
901 3130 930 3210 8)
952 3131 1012 3190 iam
1034 3129 1187 3189 dubitabit
1208 3150 1278 3189 con·

203 3235 306 3293 cedere
329 3233 416 3293 aliam
434 3252 499 3291 5555
513 3231 658 3291 55115555
679 3232 761 3291 15155
776 3233 960 3293 Veronensis
981 3234 1094 3293 scholia
1116 3239 1205 3313 atque
1227 3233 1279 3291 ad·

204 3334 366 3395 ditamente
387 3335 539 3408 Danielis,
570 3354 657 3414 quem
680 3353 756 3413 quac
785 3335 864 3394 inter
885 3336 939 3396 illa
968 3343 999 3396 et
1020 3335 1155 3397 Servium
1185 3335 1278 3394 inter·

204 3438 298 3496 cedat.
342 3438 416 3497 Nam
439 3438 496 3497 etsi
518 3408 657 3498 55155555
678 3438 874 3512 scholiorum,
905 3459 981 3520 quae
1012 3444 1063 3498 aut
1085 3458 1151 3497 eum
1173 3437 1276 3496 Servio

205 3545 257 3598 551
278 3559 344 3601 cum
366 3539 576 3600 additamentis
598 3545 813 3613 consonarent,
846 3561 906 3601 non
929 3542 1053 3602 multum
1085 3540 1214 3600 distabat
1235 3575 1277 3585 -

204 3765 350 3821 congruunt,
368 3760 443 3807 stiam
460 3761 523 3828 haec
540 3760 723 3826 ,prin(cipatum
735 3762 842 3822 pat)rias
859 3760 925 3810 suae’
943 3777 974 3809 sx
984 3762 1098 3811 Danielis
1110 3764 1278 3811 additamento

203 3847 357 3895 restituenda
374 3847 400 3893 15
418 3847 556 3894 Veronensi
573 3861 678 3906 555555,
705 3848 851 3909 praesertim
869 3863 924 3895 cum
941 3848 1037 3896 litteras
1055 3854 1169 3897 55555155
1187 3849 1278 3910 optime

203 3934 331 3993 quadrent.

273 4022 298 4078 1)
316 4017 678 4083 ί551555551551111115155515155
696 4020 770 4081 proll.
787 4034 812 4079 p.
831 4020 888 4067 171.

273 4102 299 4165 2)
316 4104 388 4168 ,1155
406 4104 475 4152 deest
492 4104 518 4150 in
535 4109 618 4163 textu,
636 4106 679 4153 sed
698 4105 837 4153 5555555515
855 4104 1012 4153 inserendum
1031 4120 1085 4154 esse
1102 4107 1144 4154 vix
1161 4121 1223 4168 opus
1242 4112 1280 4156 551

204 4204 309 4238 monere.

276 4275 302 4341 6)
321 4275 352 4323 51.
369 4277 443 4324 etiam
460 4292 485 4338 p.
504 4279 544 4336 00,
564 4279 579 4326 2
598 4281 623 4324 51
639 4278 670 4324 A.
688 4277 733 4337 111,
753 4278 816 4337 ⁷⁰⁵3
834 4292 858 4338 p.
877 4278 936 4339 102,
957 4280 987 4328 20
1006 4282 1031 4325 51
1046 4277 1077 4326 A.
1094 4277 1127 4339 X,
1146 4281 1168 4330 6.
