2992 4700
609 324 823 389 ..31-

172 481 305 539 teutiam
327 478 402 538 mihi
425 480 544 559 quidam
566 483 693 557 probare
716 474 836 539 videtur
857 480 946 538 etiam
966 479 1095 552 exiguus
1119 479 1253 537 codicum

172 582 428 660 amplificatorem
451 602 601 642 numerus.
682 583 686 591 ’

265 684 339 742 Tota
361 687 418 744 hae
432 686 671 758 ratiocinatione,
694 686 719 743 si
742 686 814 764 quid
837 685 933 757 video,
955 685 1036 745 haud
1060 684 1254 743 mediocriter

171 787 355 863 infringitur
377 789 467 848 etiam
482 790 632 849 Thomasii
658 789 838 861 coniectura,
862 808 921 868 qua
942 794 1043 847 oenset
1066 787 1180 847 seholia
1202 788 1254 844 ad·

174 891 280 948 ditieia
302 891 495 950 Fuldensium
518 893 638 952 omnino
668 912 706 952 ex
737 891 796 950 alio
818 883 902 950 fonte
925 892 1049 950 fluxisse
1082 895 1172 968 atque
1195 890 1255 948 Le·

176 993 356 1052 movieensis
387 1000 417 1053 et
446 995 606 1054 Pithceani
620 995 656 1072 ¹).
710 995 822 1054 Tamen
853 996 933 1053 haud
961 995 1021 1053 seio
1058 1013 1097 1051 an
1127 992 1253 1050 multum

178 1097 353 1171 proficerem
376 1103 480 1157 eontra
500 1098 700 1172 Thomasium,
725 1099 749 1157 si
772 1098 862 1157 hodie
885 1118 944 1156 non
968 1101 1102 1156 exstaret
1125 1096 1252 1154 Parisiu.

179 1199 272 1258 1750.
311 1219 379 1257 nam
411 1201 441 1257 id
474 1200 572 1280 quiris
596 1201 768 1259 concedere
805 1202 893 1258 debet
927 1197 1129 1259 Cascellanum
1166 1203 1253 1257 tanto

173 1306 329 1379 praestare
351 1302 476 1382 reliquis
498 1309 642 1383 tantoque
665 1305 702 1362 ab
724 1304 773 1361 his
789 1303 918 1375 differre,
942 1309 976 1361 ut
997 1303 1050 1362 vix
1065 1301 1183 1378 possint
1207 1321 1254 1359 ce-

174 1405 235 1463 teri
259 1425 324 1465 eum
348 1427 382 1465 eo
406 1407 588 1484 comparari;
611 1407 727 1466 seilicet
749 1426 784 1464 ea
806 1407 869 1465 sola
891 1407 927 1463 de
950 1425 1053 1477 causa,
1078 1406 1157 1483 quod
1180 1426 1251 1482 pro·
1310 1462 1312 1465 ,

174 1507 258 1566 xime
280 1510 395 1568 accedit
417 1510 454 1568 ad
471 1510 652 1569 scholiorum
667 1510 876 1568 additieiorum
891 1508 1022 1568 oodioem
1043 1508 1247 1586 archetypum,

178 1611 295 1687 qualem
318 1614 404 1671 modo
428 1612 628 1689 depinximus.
672 1613 749 1670 Nam
781 1611 894 1670 scholia
924 1611 976 1669 illa
1005 1612 1131 1690 antiqua
1161 1612 1251 1670 etiam

177 1720 337 1793 postquam
359 1716 463 1777 Servio
486 1716 587 1776 addita
608 1723 679 1775 sunt
691 1762 698 1789 ,
722 1716 802 1774 haud
825 1734 947 1792 parvam
969 1716 1114 1773 iaeturam
1136 1715 1252 1786 fecisse,

174 1818 339 1879 verisimile
362 1822 396 1879 fit
418 1820 588 1880 Caesellano
611 1825 641 1878 et
664 1820 800 1878 Parisino
822 1820 902 1877 1750
925 1819 1011 1877 libris
1034 1819 1115 1876 inter
1137 1838 1168 1875 se
1192 1817 1251 1876 col-

174 1921 254 1980 latis.
300 1922 441 1982 Conferas
464 1924 543 1983 enim
568 1943 592 1981 e.
616 1942 660 1995 gr.
684 1921 819 1979 scholion
842 1922 961 1980 Cascell.
986 1922 1022 1979 ad
1046 1926 1119 1980 Aen.
1139 1922 1172 1992 Ι,
1197 1922 1254 1979 7οι

176 2023 306 2102 „0ples]
329 2025 446 2103 ‘optare’
472 2046 528 2084 non
556 2033 662 2082 tetidem
690 2024 816 2102 ‘elegere'
842 2024 991 2100 significat
1014 2034 1045 2080 et
1069 2023 1142 2081 alibi
1162 2033 1252 2100 ‘eplo-

175 2129 270 2203 virque
297 2127 388 2185 (cerem
414 2127 523 2202 regeo’‚
553 2126 604 2185 red
628 2130 713 2185 etiam
732 2127 832 2204 ,vellet
853 2135 883 2182 et
904 2128 957 2182 hoe
981 2126 1043 2182 loeo
1073 2126 1151 2203 ‘qaid
1166 2121 1254 2199 optes’

174 2231 255 2306 ‘qrrid
277 2229 365 2288 oele‘r’‚
411 2231 540 2287 Lcer'lr'as
561 2232 590 2286 ie
616 2231 674 2286 Vl.-
700 2231 770 2306 qez'd
789 2232 881 2306 ipsam
898 2228 1004 2307 ‘fecere
1032 2235 1150 2303 optes·“.
1187 2246 1253 2285 oum

176 2332 328 2392 Parisini:
363 2331 490 2411 ‚,0ples]
522 2333 626 2410 Optare
651 2332 698 2389 lein
724 2333 797 2390 celle
826 2330 992 2408 significet,
1026 2332 1099 2388 aliar
1126 2329 1247 2405 elegere,

176 2445 210 2490 et
233 2446 276 2491 est
303 2438 474 2513 ,optavitque
500 2436 590 2492 lorum
616 2432 755 2508 regnem.
811 2434 955 2493 Similiter
976 2435 1007 2492 in
1031 2431 1159 2491 Parisiui
1183 2432 1253 2491 libri

179 2538 301 2596 scholiis
323 2539 361 2606 ad
383 2541 459 2597 Aen.
482 2540 505 2610 l,
530 2543 590 2595 233
614 2536 731 2609 Plauti,
767 2541 839 2595 Aen.
863 2538 904 2608 ll,
929 2542 989 2594 424
1013 2535 1153 2607 Terenti,
1177 2539 1252 2593 Aen.

180 2640 223 2711 ΙΙ,
247 2645 305 2698 532
328 2641 454 2699 alterum
477 2640 619 2700 Varronis
651 2660 689 2697 ex
717 2638 803 2698 libris
832 2660 890 2698 rer.
914 2639 1006 2699 divin.
1038 2637 1251 2710 testimonium,

184 2742 262 2818 quod
283 2749 430 2803 servatum
453 2744 552 2809 estin
575 2742 753 2814 Caesenam,
778 2742 916 2815 evanuit3
939 2742 1022 2801 cuius
1045 2742 1088 2800 rei
1113 2740 1250 2818 exempla

184 2844 306 2921 quaevis
338 2847 399 2905 fere
430 2846 569 2903 editionis
599 2844 718 2903 Thilon.
748 2844 859 2922 pagina
890 2845 1068 2922 suppeditat.
1122 2846 1253 2902 Econtra

181 2965 258 3003 vero
281 2966 318 3004 ne
339 2948 371 3006 in
385 2948 554 3009 Oassellano
571 2948 689 3026 quidem
712 2949 812 3006 omnia
835 2948 949 3008 scholia
971 2946 1113 3006 additioia
1135 2950 1252 3005 exstare

178 3047 251 3105 inde
274 3050 378 3125 elucet,
403 3051 480 3130 quod
500 3051 608 3109 iterum
632 3050 785 3109 Parisinus
808 3053 949 3131 quasdam
972 3052 1063 3110 habet
1084 3049 1254 3108 adnotatio·

177 3171 247 3224 nes,
279 3173 354 3232 quae
377 3155 485 3233 desunt
513 3154 545 3211 in
567 3153 668 3230 51102).
720 3153 778 3211 Sed
808 3155 878 3233 quia
909 3156 966 3212 hae
994 3172 1105 3230 paneae
1136 3157 1251 3210 tantum

178 3261 260 3327 sunt,
290 3264 414 3334 apparet
435 3276 539 3316 verum
570 3275 634 3314 esse
657 3256 736 3334 quod
759 3257 846 3314 modo
870 3276 986 3315 eramus
1009 3255 1153 3332 professi,
1183 3256 1253 3312 Cas·

178 3357 326 3417 sellanum
347 3359 484 3437 proxime
513 3360 653 3418 secedere
682 3359 718 3416 ad
753 3359 860 3417 codicis
890 3360 1047 3435 archetypi
1077 3360 1202 3416 formam
1215 3358 1252 3433 ³).

249 3578 274 3641 1)
292 3582 323 3629 ef.
344 3582 360 3627 l.
379 3582 395 3628 l.
414 3596 438 3642 p.
458 3584 498 3630 79.
515 3596 539 3641 p.
560 3584 616 3631 107.
652 3580 724 3628 Thilo
741 3580 852 3640 prolegg.
872 3595 895 3639 p.
914 3582 948 3628 00
967 3595 991 3627 n.
1013 3583 1036 3627 1.

247 3668 274 3722 2)
292 3666 322 3713 ef.
342 3665 416 3712 Thilo
434 3668 537 3727 praefat.
556 3666 582 3713 in
600 3666 669 3713 Serv.
687 3680 711 3726 p.
732 3667 772 3714 58.

247 3746 274 3815 3)
290 3752 346 3797 Hae
357 3751 431 3811 igitur
448 3753 480 3799 de
492 3767 567 3800 causa
579 3751 696 3811 ambigua
714 3756 752 3797 est
769 3765 817 3809 res,
835 3754 925 3809 utrum,
943 3752 1008 3811 quod
1028 3750 1123 3798 scholia
1137 3751 1254 3798 additioia

174 3835 236 3881 inde
254 3849 269 3881 a
287 3835 351 3882 libro
372 3837 410 3883 lII
427 3837 489 3884 Aen.
507 3838 611 3885 minoris
629 3838 679 3885 sint
696 3837 784 3897 pretii,
803 3836 839 3881 ita
857 3835 889 3882 sit
906 3836 1088 3896 explicandum,
1107 3843 1134 3883 ut
1151 3837 1177 3882 hi
1195 3836 1253 3882 libri

174 3919 260 3968 simile
283 3922 343 3981 quid
372 3927 444 3982 atqua
467 3924 524 3970 Par.
546 3925 612 3972 1750
630 3922 698 3984 passi
716 3921 782 3980 sint,
802 3935 833 3966 an
852 3921 903 3979 ita,
922 3927 948 3967 ut
966 3922 1066 3968 omnino
1085 3922 1140 3969 fons
1163 3922 1188 3968 in
1207 3922 1253 3968 hae

172 4010 248 4065 parte
270 4007 351 4066 magis
377 4008 450 4056 fuerit
474 4008 544 4056 exilis
568 4024 641 4067 quam
666 4008 690 4054 in
721 4007 820 4067 priore3
845 4006 910 4065 quod
935 4007 996 4054 mihi
1013 4008 1172 4068 praeplacere
1195 4021 1252 4053 con·

172 4092 256 4138 fiteon
