2992 4700
639 304 851 371 ..39-

208 462 244 519 A.
261 459 302 533 II,
319 466 380 519 308
403 459 546 539 Torrens]
570 460 680 522 durius
703 461 755 541 qui
777 466 891 521 aestate
913 461 1051 533 siccatur,
1074 460 1152 519 unde
1175 463 1206 518 et
1227 479 1280 518 no-

207 584 276 621 men
294 563 425 641 accepit,
458 564 503 623 cui
528 563 632 623 Graeci
664 585 719 642 per
745 564 929 623 contrarium
962 565 1071 623 dedere
1092 562 1280 634 vocabulum,

207 685 277 724 nam
298 659 476 746 χειμάρρουν
499 667 641 726 dixerunt
662 686 680 725 a
700 673 836 744 tempore
859 686 917 748 qno
940 667 1056 726 crescit.

290 789 319 846 p.
343 769 405 842 87,
429 770 476 828 27
509 769 671 848 Deiphobi]
791 771 870 851 quod
892 770 1006 830 seilicet
1035 773 1104 848 post
1125 769 1280 829 interitum

206 872 323 932 Paridis
338 871 457 932 Helena
477 873 505 932 ei
527 873 639 933 tradita
661 873 709 932 sit.
731 899 775 925 =
796 874 826 932 S.
841 876 877 931 A.
893 872 935 945 Π,
952 877 1012 931 310
1037 872 1107 951 quia
1125 871 1190 948 ipse
1212 876 1280 950 post

205 981 332 1035 mortem
355 975 471 1036 Paridis
495 975 643 1035 Helenam
665 976 754 1037 duxit
776 995 910 1036 uxorem.

290 1101 318 1158 p.
344 1084 406 1150 88,
439 1083 484 1137 21
518 1079 664 1157 Spumeus
695 1077 806 1156 amnis]
842 1078 913 1137 Plus
946 1082 993 1137 est
1021 1096 1160 1155 spumeus
1190 1096 1279 1156 quam

205 1202 369 1260 spumosus,
392 1186 426 1240 ut
441 1185 487 1240 est
501 1182 640 1262 ,Nemora
656 1181 736 1240 inter
752 1181 886 1240 froudea'
906 1201 960 1259 pro
975 1181 1124 1240 frondosa.
1139 1207 1182 1231 =
1200 1181 1228 1239 S.
1241 1184 1279 1239 A.

208 1285 234 1358 1,
262 1290 318 1343 191
344 1283 492 1360 Frondea]
516 1303 570 1361 pro
593 1285 735 1342 frondosa
756 1284 858 1360 posuit
964 1302 1034 1343 nam
1055 1283 1211 1343 frondeum
1234 1287 1280 1342 est

209 1394 305 1448 totum
327 1388 363 1447 de
385 1387 543 1446 frondibus
564 1392 598 1446 ut
620 1390 714 1459 torus,
736 1387 895 1446 frondosus
920 1406 990 1446 vero
1012 1393 1057 1445 est
1077 1386 1171 1446 lucus.

293 1512 322 1568 p.
347 1496 411 1562 89,
443 1495 488 1547 29
523 1491 591 1548 Hoc
620 1487 699 1566 erat]
728 1490 896 1549 scandendi
928 1489 1135 1549 difficultatem
1164 1490 1278 1567 primae

207 1593 339 1672 syllabae
362 1592 494 1653 brevitas
516 1592 605 1665 facit,
637 1592 695 1651 nisi
808 1600 861 1651 aut
889 1613 905 1652 o
936 1592 1128 1652 consonantis
1158 1592 1278 1652 litterae

204 1697 377 1772 (geminatio
401 1694 489 1776 quae)
512 1695 635 1755 durnin
651 1701 778 1774 utraque
793 1696 908 1773 syllaba
930 1716 1037 1755 sonum
1058 1700 1199 1774 praestat,
1222 1715 1277 1773 pro

204 1801 319 1859 duabus
341 1799 439 1876 posita
461 1798 632 1875 (statuenda
653 1797 722 1874 erit)
746 1844 776 1857 ..
798 1824 842 1851 =
863 1799 891 1857 8.
912 1803 948 1858 A.
972 1799 1024 1871 VI,
1049 1799 1109 1858 792
1132 1797 1193 1857 Hic
1214 1798 1276 1881 vir]

207 1903 347 1962 clittera
380 1921 434 1978 pro
458 1900 569 1978 duplici
598 1920 659 1960 non
689 1901 747 1960 nisi
779 1902 810 1960 in
842 1902 1055 1981 monosyllabis
1086 1903 1215 1962 habetur
1243 1904 1278 1959 ut

205 2008 282 2087 ‘Hoc
303 2010 369 2064 erat
391 2005 468 2064 alma
490 1999 618 2081 pareus'.

286 2131 316 2188 p.
340 2115 404 2180 90,
428 2114 447 2165 2
476 2109 667 2188 Pariumque
689 2108 781 2186 patri]
812 2109 884 2168 Plus
913 2113 960 2168 est
982 2127 1071 2187 quam
1104 2107 1128 2166 si
1152 2107 1278 2167 dixisset

202 2208 525 2294 (1111813811,
549 2216 609 2269 488
643 2210 753 2288 Amici]
784 2211 851 2289 plus
875 2218 920 2270 est
942 2229 1030 2291 quam
1062 2211 1087 2269 si
1118 2204 1275 2291 ‘Hectoris'
1363 2190 1365 2193 V

201 2316 331 2388 diceret;
354 2313 425 2375 alibi
449 2309 708 2396 parvumque.)

287 2420 339 2479 Ad
362 2424 450 2477 Aen.
473 2418 528 2491 II,
561 2419 677 2493 682¹)
707 2464 737 2478 ..
769 2419 821 2476 aed
850 2438 888 2479 ex
909 2417 1006 2479 Servii
1029 2417 1120 2477 Tullii
1148 2415 1277 2476 historia

202 2523 363 2601 descriptio
383 2521 442 2581 loci
465 2521 552 2580 istius
575 2521 742 2594 coloratur,
771 2522 817 2581 cui
844 2522 968 2581 tradunt
996 2523 1029 2580 in
1050 2522 1134 2596 regia
1154 2520 1274 2581 Tareini

204 2626 360 2685 dormienti
383 2626 420 2683 de
448 2624 560 2702 (eapite
582 2623 681 2684 exisse
701 2623 875 2701 flammam).
904 2650 947 2675 =
980 2625 1009 2683 S.
1032 2628 1069 2684 A.
1091 2624 1133 2697 Π,
1157 2630 1218 2682 882
1243 2668 1273 2681 ..

205 2733 291 2786 uatus
313 2734 359 2788 est
380 2727 502 2788 Servius
523 2726 655 2800 Tullius,
689 2727 739 2807 qui
764 2747 831 2787 cum
854 2727 1066 2800 obdormisset,
1098 2733 1187 2805 caput
1209 2725 1273 2786 eius

204 2832 301 2890 subito
323 2835 442 2892 flamma
464 2830 619 2909 corripuit.

285 2955 313 3013 p.
337 2941 398 3008 91,
422 2942 439 2994 3
464 2935 581 2995 Cereris
604 2935 751 3007 decertem]
775 2935 861 3013 quasi
884 2955 903 2994 a
922 2934 986 2995 filia
1008 2935 1183 3006 derelictae,
1206 2953 1273 3011 per·

200 3042 382 3117 potuumque
405 3038 561 3115 epitheton
583 3037 699 3096 faciunt
721 3044 846 3115 propter
861 3044 978 3116 raptum
996 3038 1202 3114 Proserpinae,
1224 3036 1274 3096 vel

199 3144 336 3219 (propter
357 3139 552 3215 sacerdotem)
576 3159 664 3220 quem
685 3147 791 3217 postea
811 3143 890 3219 apud
912 3142 1024 3201 inferos
1046 3142 1122 3203 vidit
1145 3144 1270 3199 Aeneas.

199 3270 242 3295 =
262 3245 292 3302 S.
316 3249 352 3303 A.
376 3246 420 3317 II,
445 3244 504 3303 714
536 3242 696 3322 Desertae]
731 3249 833 3304 utrum
855 3264 874 3303 a
896 3245 1065 3318 sacerdote,
1098 3242 1205 3323 quiin
1230 3242 1272 3300 v1

200 3347 365 3407 exstinctus
386 3347 547 3420 inducitur,
572 3391 626 3406 ...
649 3366 688 3406 an
712 3343 863 3428 ‘desertae'
886 3367 905 3407 a
926 3347 1013 3407 filia?

283 3471 312 3528 p.
336 3456 399 3523 91,
427 3451 468 3509 17
492 3452 584 3509 Latos
599 3450 751 3527 humeros]
774 3449 869 3527 (Iure)
891 3451 1068 3510 dictumest
1089 3446 1192 3532 ‘latori
1216 3467 1272 3507 nec

199 3554 332 3613 notanda
353 3554 498 3613 iactantia
520 3558 566 3613 ost
586 3553 619 3612 in
640 3554 784 3627 veritate,
814 3555 892 3614 sicut
912 3554 986 3613 illud
1008 3555 1041 3612 in
1063 3555 1079 3611 Ι
1100 3554 1181 3636 ⁴Sum
1202 3555 1271 3631 pius

199 3653 244 3716 A'.
266 3683 310 3707 =
331 3659 360 3716 S.
383 3661 419 3716 A.
442 3657 467 3728 I,
492 3656 553 3715 378
576 3656 649 3716 Pius
664 3655 756 3736 Aen]
782 3678 843 3717 nou
865 3663 911 3718 est
932 3657 1076 3719 hocloco
1099 3656 1271 3731 arrogantia

280 3766 359 3820 certe
382 3761 507 3820 heroum
530 3768 648 3819 secutus
678 3766 723 3819 est
745 3780 874 3838 morem,
909 3760 1128 3841 quibusquam
1149 3759 1270 3820 mentiri

198 3868 287 3940 turpe
309 3865 416 3936 fuerat,
439 3869 499 3921 tam
522 3881 595 3924 vera
616 3863 753 3923 reticere.

283 3988 313 4045 p.
336 3971 399 4039 91,
424 3971 466 4024 21
490 3965 607 4027 Dextro
628 3985 660 4025 se
675 3966 836 4045 implicuit]
853 4013 859 4027 .
874 4012 881 4026 .
897 3966 1009 4027 dictum
1021 3963 1185 4047 ‘implicuit’
1201 3985 1269 4045 pro·

268 4170 293 4235 1)
311 4171 429 4219 Scholion
445 4172 478 4220 ab
496 4172 640 4220 Hermanno
658 4171 816 4232 dcscriptum.
