2992 4700
619 314 869 409 .-41-’

189 521 291 560 omnes
314 501 394 561 enim
418 502 469 582 qui
492 503 528 562 de
552 502 699 562 medicina
721 508 870 576 tractant,
902 503 1007 563 dicunt
1029 505 1166 564 naturale
1188 526 1261 578 esse,

188 608 223 663 ut
245 605 414 666 inutiliores
437 606 499 666 sint
522 608 574 687 qui
596 614 761 667 nascuntur
784 607 893 667 ultimi.

273 730 303 786 p.
327 714 392 782 95,
418 716 432 769 1
457 711 602 770 Scaurus:
625 710 757 783 erudite,
780 731 850 770 nam
872 711 915 769 ait
936 731 975 769 ex
997 710 1133 769 medullis
1157 730 1261 788 corpo·

187 829 254 869 rum
276 813 382 887 anguis
404 815 495 876 nasci.
525 840 568 865 =
596 813 624 873 S.
647 817 683 873 A.
707 814 742 888 V,
767 816 862 875 95'..
892 820 944 873 aut
966 819 1046 874 certe
1068 834 1126 873 sec.
1148 815 1261 892 Pytha-

187 934 290 987 goram
313 916 402 990 dicit,
437 897 488 997 qui
511 916 624 992 primus
647 917 845 994 deprehendit
866 918 902 976 de
924 917 1053 976 medulla
1074 917 1205 976 bominis
1229 963 1259 976 ..

186 1036 313 1091 anguem
336 1019 440 1079 creari.

271 1143 299 1200 p.
324 1127 381 1197 95,
408 1128 452 1181 12
475 1124 635 1195 Portunus,
657 1127 691 1182 ut
714 1124 809 1185 Varro
833 1124 890 1197 ait,
922 1126 994 1184 deus
1016 1124 1168 1203 port(uum
1191 1143 1260 1200 por-

187 1224 357 1305 ta)rumque
387 1245 508 1304 praeses
627 1227 717 1285 Hunc
740 1227 847 1286 Graeci
869 1227 1049 1287 Palaemona
1070 1233 1187 1289 uocant.
1217 1254 1260 1278 =

186 1327 215 1387 S.
239 1331 275 1386 A.
298 1328 335 1401 V,
359 1334 417 1388 241
451 1331 602 1390 Portunus
624 1318 696 1389 deud
718 1330 867 1402 marinus,
903 1332 953 1411 qui
976 1332 1121 1408 portubus
1143 1335 1261 1408 praeest

280 1429 330 1511 qui
354 1450 460 1506 graece
483 1433 644 1492 Palaemon
667 1431 786 1492 dicitur.

269 1554 297 1610 p.
322 1539 384 1608 96,
408 1541 426 1593 9
449 1536 547 1596 Malus
570 1536 689 1616 quaudo
712 1535 850 1595 arborem
871 1536 958 1596 navis
981 1536 1147 1612 significat,
1170 1556 1259 1611 gene-

184 1634 226 1694 ris
249 1637 404 1696 masculini
427 1648 489 1711 est,
519 1639 637 1720 quando
660 1639 798 1698 arborem
820 1660 992 1718 pomorum,
1014 1641 1083 1698 fem.
1105 1667 1149 1690 =
1170 1640 1198 1698 S.
1222 1643 1258 1697 A.

188 1738 222 1810 V,
247 1741 306 1798 487
332 1740 441 1818 Malus]
472 1742 561 1801 arbor
588 1741 673 1803 navis
696 1742 815 1816 generis
838 1750 884 1802 est
906 1743 1071 1802 masculini.
1115 1742 1259 1802 Horatius

185 1842 367 1922 ί111111111111
391 1843 480 1903 celeri
502 1845 620 1904 saucius
643 1844 688 1903 A’.

272 1966 300 2022 p.
325 1951 389 2022 96,
415 1952 460 2006 10
483 1949 578 2022 Long.
602 1948 725 2007 adnotat
740 1949 898 2021 Cornutus,
922 1948 1001 2029 quod
1016 1949 1190 2008 indecenter
1212 1969 1257 2007 ss·

185 2067 264 2107 cram
292 2050 381 2110 matri
410 2069 480 2109 suae
512 2070 598 2112 avem
630 2051 747 2126 sagittis
781 2051 929 2125 figendam
951 2052 1149 2111 constituerit.
1200 2052 1257 2111 Sed

183 2150 324 2212 videlicet
345 2154 510 2214 Homerum
533 2159 652 2213 secutus
675 2160 734 2227 est;
767 2156 818 2213 sed
849 2158 879 2213 et
911 2155 1015 2213 eodem
1037 2155 1123 2213 modo
1154 2174 1257 2234 quam-

184 2272 309 2334 cumque
331 2255 420 2315 aliam
451 2275 538 2316 avem
560 2258 727 2334 expositam
758 2257 861 2337 quaeri
893 2256 1007 2333 potuit,
1041 2258 1111 2338 quia
1141 2258 1258 2332 singula

184 2378 294 2433 genera
316 2360 421 2420 alitum
444 2360 501 2419 diis
525 2361 761 2442 quibuscumque
792 2366 909 2421 sacrata
930 2367 1009 2420 sunt.
1037 2389 1080 2412 =
1110 2362 1138 2423 S.
1162 2366 1197 2420 A.
1222 2363 1256 2434 V,

185 2462 244 2520 517
267 2463 345 2522 Sane
368 2465 521 2524 sciendum
542 2466 624 2524 hunc
646 2470 741 2524 totum
763 2465 861 2524 locum
882 2467 920 2522 ab
936 2466 1069 2523 Homero
1092 2484 1156 2524 esse
1179 2485 1256 2523 sum·

185 2570 286 2646 ptum;
308 2567 388 2626 unde
410 2567 510 2627 inanis
533 2573 579 2626 est
600 2567 781 2646 vituperatio
804 2571 937 2639 Aeneae,
962 2568 1041 2646 quod
1063 2570 1257 2645 suspenderat

186 2687 270 2729 avem
292 2674 474 2743 maternam
501 2691 570 2729 nam
593 2715 623 2730 ..
647 2677 677 2730 et
700 2690 915 2750 quamcumque
938 2672 1140 2747 suspendisset
1161 2691 1255 2744 avam,

185 2771 219 2828 in
240 2773 319 2831 111111
340 2773 488 2842 incideret
508 2772 769 2851 vituperationem,
787 2818 793 2831 .
811 2817 816 2831 .
834 2819 841 2832 .
860 2773 930 2854 quia
952 2774 1087 2849 singulae
1109 2794 1179 2834 aves
1202 2795 1256 2833 nu-

184 2873 313 2934 minibus
335 2883 405 2937 sunt
427 2880 624 2936 consecratae.
670 2876 857 2956 Quamquam
875 2878 1014 2937 Urbanus
1036 2877 1110 2937 dicit
1132 2883 1256 2939 matrem

5 2963 7 3068 ξ
78 3062 84 3069 .
184 2976 272 3036 citius
293 2982 424 3055 potuisse
446 2979 609 3058 placari1).

267 3101 297 3158 p.
320 3088 381 3156 96,
405 3088 453 3141 20
477 3083 631 3141 Pandarus
654 3081 828 3145 Minerva
850 3093 1009 3143 auctore
1031 3084 1152 3157 foedus,
1176 3085 1254 3163 quod

182 3184 264 3246 inter
287 3184 415 3245 Graecos
438 3190 468 3244 et
489 3185 635 3246 Troianos
657 3187 770 3245 iactum
792 3192 874 3260 erat,
908 3187 1043 3246 confudit
1064 3187 1124 3245 icto
1148 3187 1256 3260 sagitta

182 3286 320 3346 Menelao
343 3287 376 3347 in
398 3290 521 3349 femore.
551 3312 593 3343 =
616 3287 645 3347 S.
668 3292 705 3348 A.
728 3288 765 3361 V,
791 3294 851 3347 496
881 3290 1035 3349 Pandarus
1065 3310 1122 3349 sec.
1145 3290 1255 3356 Home-

181 3473 246 3507 nam.
281 3457 382 3507 Servius
401 3460 504 3510 alterum
522 3460 589 3518 quod
606 3459 692 3507 scitius
709 3459 875 3519 excogitatum
892 3459 1038 3517 videbatur,
1056 3461 1166 3521 praebet
1201 3460 1254 3508 Mo÷

180 3557 226 3590 neo
244 3543 292 3591 hoc
309 3549 409 3604 propter
427 3544 558 3593 'Philonem
577 3543 663 3610 (prees.
681 3560 704 3605 p.
717 3546 751 3594 46
770 3543 843 3610 113.)

255 3633 280 3691 1)
298 3629 372 3689 Quod
388 3631 524 3679 Ribeckius
543 3631 625 3693 (proll.
644 3646 669 3691 p.
689 3630 749 3693 167)
774 3632 814 3679 his
832 3630 933 3680 scholiis
951 3623 1047 3679 collatis
1073 3633 1137 3680 effici
1153 3634 1257 3681 arbitra-

180 3719 219 3762 tur
237 3715 367 3763 Urbanum
384 3721 441 3763 ante
458 3716 573 3777 Longum
591 3717 698 3777 vixisse,
717 3716 779 3765 mihi
797 3732 848 3765 non
864 3718 995 3777 persuasit.
1028 3719 1093 3765 Nam
1110 3733 1154 3778 per
1171 3734 1198 3767 se
1211 3734 1254 3778 po-

179 3801 226 3846 tuit
243 3801 273 3847 U.
293 3801 337 3848 illa
356 3803 429 3858 etiam
447 3801 527 3862 Longi
545 3803 699 3849 aduocationi
716 3803 807 3850 addere
825 3807 898 3863 atque
916 3804 978 3850 illud
1002 3804 1090 3868 ‘citius’
1116 3806 1160 3864 (sc.
1180 3820 1254 3865 quam

179 3885 241 3933 11111
260 3888 330 3947 deos)
348 3892 432 3947 aperte
449 3887 475 3933 id
492 3888 604 3936 iudicare
621 3889 728 3935 videtur.
770 3889 872 3937 Accedit
889 3890 955 3949 quod
973 3905 1057 3938 omnes
1075 3890 1193 3938 Aterisno
1211 3907 1254 3938 111-

178 3970 296 4030 tiquiores
314 3973 409 4032 Vergili
428 3978 632 4022 commentatores
649 3974 675 4021 in
694 3976 796 4024 scholiis
813 3976 999 4024 Veronensibus
1018 3976 1123 4024 adhibiti
1141 3982 1205 4034 sunt,
1226 3983 1253 4024 ut

177 4058 267 4105 mirum
284 4065 357 4119 esset,
376 4059 397 4109 11
414 4074 478 4108 unus
496 4061 613 4109 Urbanus
631 4076 733 4121 prorsus
753 4062 857 4110 deesset.
892 4064 978 4124 Neque
995 4064 1022 4110 in
1040 4063 1118 4111 schol.
1135 4064 1202 4110 Dan.
1219 4065 1252 4112 ci·

177 4147 244 4190 tatur
262 4144 377 4193 Urbanus
395 4146 440 4194 sed
452 4161 467 4192 1
479 4144 566 4194 Servio
579 4151 683 4195 tantum.
719 4145 834 4195 Ceterum
852 4148 926 4196 video
944 4150 992 4198 hoc
1009 4148 1139 4198 Thilonem
1156 4164 1253 4211 quoque

178 4233 286 4279 statuere
303 4232 381 4291 praet.
405 4243 430 4293 p.
450 4235 525 4283 1611.
544 4233 569 4281 2.
