2992 4700
671 277 884 342 ..2ss-

242 436 276 492 ut
298 452 333 492 ea
355 434 495 493 carminis
518 436 611 494 verba
632 436 760 495 referret
781 420 817 492 ud
841 437 921 493 hunc
939 431 1063 507 Vergilii
1080 452 1206 492 versum.
1250 432 1319 495 Quo

241 554 313 595 sane
335 536 551 615 interpolatore
574 536 680 596 melius
704 558 741 597 ne
758 536 947 599 doctissimus
967 536 1086 615 quidem
1102 540 1319 596 commentator

241 658 366 698 munere
387 639 473 713 fungi
495 639 651 715 potuisset

326 741 420 801 Plane
444 741 550 801 similis
572 746 617 801 est
639 762 688 801 res
710 745 786 801 Aen.
810 740 850 815 ss,
875 746 946 815 202,
968 742 1020 800 ubi
1042 740 1154 816 legitur
1175 740 1208 798 in
1231 742 1317 800 scho-

239 843 306 902 liis:
330 863 423 914 ,ωηο
445 844 588 902 serendam
606 847 663 903 rita
685 846 818 922 Neptune
840 853 869 901 et
884 844 1023 920 Apollini
1044 854 1143 902 lucres
1169 844 1317 901 r‘mmeluu-

239 947 300 1015 dee,
326 965 391 1004 team
411 947 475 1003 Ioci
488 966 544 1004 nou
569 946 674 1016 licere,·
699 947 761 1005 sileo
776 956 805 1004 el
828 947 858 1004 in
880 949 964 1005 tertre
983 945 1058 1005 libro
1083 948 1123 1024 (u.
1145 945 1200 1021 26)
1216 947 1318 1022 prodr·-

236 1050 318 1124 gr'um
346 1049 416 1106 droit
441 1054 618 1119 seculrcm“,·
650 1049 675 1108 is
704 1050 785 1109 anim
807 1068 911 1109 verens
942 1049 1002 1127 (ΙΙ,
1026 1050 1102 1124 202)
1130 1049 1163 1107 in
1186 1049 1317 1109 Macroh.

239 1150 298 1209 Sat.
321 1150 383 1223 111,
411 1154 464 1220 10,
487 1150 520 1208 in
544 1170 603 1230 quo
625 1153 727 1226 agitur
748 1153 785 1212 de
807 1154 864 1211 hac
887 1152 1079 1232 quaestione,
1111 1151 1232 1211 omnino
1255 1172 1316 1210 non

238 1252 387 1326 tangitur,
418 1254 470 1313 sed
493 1261 630 1315 movetur
652 1255 706 1315 illa
727 1254 863 1335 quaestio
886 1255 923 1314 de
944 1274 1035 1315 versu
1056 1257 1132 1313 Aen.
1154 1254 1223 1327 111,
1256 1260 1312 1326 213

240 1355 403 1416 utiterum
434 1356 572 1432 intellegi
604 1364 747 1438 nequeat,
783 1379 836 1419 cur
865 1357 1065 1435 interpolator
1092 1357 1229 1435 quidam,
1262 1358 1314 1436 qui

237 1464 373 1518 uteretur
394 1459 569 1533 Macrobio,
601 1481 661 1522 non
683 1464 720 1521 ad
743 1465 824 1522 hune
846 1481 966 1522 versum
989 1460 1184 1519 Macrobiana
1205 1461 1314 1520 addere

238 1562 376 1622 voluerit.
421 1562 561 1637 Accedit,
590 1565 669 1643 quod
688 1565 720 1623 in
743 1566 801 1625 hoc
824 1564 938 1624 scholio
961 1562 1103 1622 additicio
1127 1566 1158 1622 et
1179 1563 1215 1621 ad
1239 1568 1313 1621 Aen.

239 1665 307 1740 ΙΙΙ,
333 1670 401 1737 118,
424 1665 476 1724 ubi
499 1666 602 1725 eadem
624 1673 809 1744 repetuntur,
833 1667 1020 1728 desideratur
1034 1666 1126 1736 Mars,
1149 1665 1197 1723 cui
1213 1667 1313 1724 Labeo

242 1769 319 1844 apud
343 1767 528 1829 Macrobium
550 1768 580 1846 (§
603 1769 635 1847 4)
657 1775 777 1847 praeter
798 1771 972 1848 Neptunum
1003 1773 1034 1827 et
1055 1766 1228 1845 Apollinem
1250 1774 1314 1829 tuu-

240 1890 306 1929 rum
329 1870 475 1930 immolari
500 1871 583 1933 dicit.
628 1873 715 1937 tluod
738 1879 819 1932 certe
841 1879 930 1948 auget
952 1870 1169 1948 suspitionem,
1201 1872 1274 1931 haec
1297 1892 1314 1930 a

237 1973 391 2032 Macrobio
414 1994 474 2033 non
498 1974 695 2052 transscripta
721 1994 794 2035 esse.

322 2074 397 2134 Tum
414 2078 576 2136 secundum
592 2097 635 2154 aa,
658 2098 735 2163 quae
758 2098 848 2156 supra
870 2079 906 2139 de
922 2076 1096 2157 ,quaeritur'
1112 2075 1314 2153 exposuimus,

236 2199 297 2237 non
320 2178 472 2238 credemus
494 2180 604 2240 Linkio
627 2180 720 2240 schol.
743 2181 1050 2254 consumare
1074 2180 1231 2254 Quaeritur
1245 2198 1315 2237 surse

237 2300 290 2338 cur
306 2284 336 2338 iu
367 2301 489 2341 inensam
512 2293 540 2341 et
557 2303 614 2342 uon
637 2286 665 2343 ia
688 2302 769 2341 crum
790 2284 965 2342 lz‘bcceriat?
1010 2285 1068 2341 Sed
1084 2283 1162 2361 apud
1179 2284 1314 2359 cuh'qnes

237 2388 312 2441 inter
339 2405 469 2444 nasorum
498 2388 700 2464 supellectilem
727 2389 813 2444 atrum
839 2406 962 2446 meracam
993 2406 1056 2445 cum
1080 2388 1142 2444 urr's
1168 2404 1227 2441 mcc
1249 2393 1315 2441 erut

237 2493 406 2548 consecrari
424 2510 478 2568 quo
494 2492 542 2548 die
556 2498 688 2567 ternplum
704 2491 955 2548 conoecrabctur“
976 2511 1002 2549 e.
1018 2511 1046 2570 q.
1062 2508 1106 2568 sq.
1128 2490 1165 2548 ad
1182 2488 1312 2546 Macrob.

237 2590 298 2650 Sat.
321 2592 382 2665 III,
408 2597 457 2665 ll,
481 2598 499 2651 6
522 2592 674 2666 referenti,
702 2594 879 2670 praesertim
901 2613 968 2653 cum
989 2593 1113 2669 insuper
1134 2591 1166 2649 in
1189 2590 1312 2662 scholio,

238 2694 398 2773 quodiam
420 2696 536 2755 monuit
557 2695 645 2755 Thilo
659 2696 697 2773 1),
720 2696 894 2757 citaturus.
918 2702 992 2756 Aen.
1016 2698 1058 2768 ΙΙ,
1084 2697 1153 2767 764,
1177 2693 1228 2773 qui
1251 2713 1311 2751 nou

237 2797 338 2855 estin
360 2797 523 2858 Macrobio.

321 2900 433 2959 Eodem
456 2900 542 2958 modo
566 2900 657 2960 schole
679 2900 716 2958 ud
739 2905 815 2960 Aen.
840 2907 868 2973 8,
891 2902 952 2961 276
982 2903 1104 2977 „Atqui
1124 2899 1208 2959 lucro
1230 2918 1311 2955 corn-

235 3004 305 3060 nari
326 3001 473 3072 solebant,
504 3005 556 3079 qui
578 3004 655 3079 apud
673 3021 755 3060 urum
782 3007 934 3062 inanimam
955 3023 1041 3062 sacru
1056 3002 1230 3082 secretorum
1262 3002 1313 3058 sed

235 3105 289 3162 hoc
303 3115 371 3182 pest
388 3104 483 3163 urbem
504 3106 646 3163 canditum
664 3106 756 3181 coepit
764 3105 857 3181 fierr‘5
881 3125 969 3182 neque
986 3106 1047 3163 ulio
1057 3105 1169 3185 froude
1188 3108 1310 3176 cr'reurm

235 3207 286 3264 dot
315 3218 401 3285 caput
415 3207 690 3284 praetermittitur,
715 3210 769 3285 qui
779 3226 887 3283 gruere
901 3211 961 3267 ritu
977 3208 1165 3285 scci‘e‘ficct“,
1189 3230 1214 3268 a.
1227 3227 1255 3285 q.
1265 3227 1310 3285 sq.

236 3311 403 3371 oMacrob.
427 3311 488 3373 Sat
510 3311 569 3384 ΠΙ,
596 3316 643 3389 12,
662 3317 742 3370 1-4
765 3310 950 3388 exscriptum
973 3332 1037 3370 esse
1059 3310 1166 3390 nequit
1187 3316 1312 3389 propter

236 3413 412 3473 scholiastae
434 3416 527 3475 verba
557 3416 635 3490 „poi
649 3433 759 3489 graeco
783 3416 842 3471 ritu
866 3415 1056 3491 sucrz'ficat“‚
1083 3434 1158 3493 quae
1180 3433 1242 3474 non
1264 3414 1311 3472 in·

235 3516 398 3576 veniuntur
418 3518 451 3575 in
473 3515 626 3576 Macrohio
639 3514 679 3592 l).

306 3648 331 3712 1)
349 3652 379 3698 cf.
399 3651 501 3710 Quasst·
519 3650 589 3698 Serv.
607 3666 632 3711 p.
651 3654 694 3699 41.

304 3739 331 3795 2)
348 3737 378 3784 cf.
398 3735 482 3795 Thilo,
499 3737 600 3796 Quaest.
619 3737 690 3786 Serv.
709 3753 734 3798 p.
753 3740 795 3787 42.
831 3738 905 3797 Quod
922 3739 1028 3787 Linlsius
1055 3735 1089 3804 (p.
1108 3741 1141 3787 23
1160 3754 1184 3785 n.
1204 3733 1230 3802 3)
1248 3737 1309 3784 haee

234 3838 264 3869 ar
281 3823 392 3870 Macrob.
411 3823 436 3870 S.
455 3824 500 3882 ΙΙΙ,
521 3825 544 3882 6,
565 3825 595 3871 17
604 3838 610 3870 2
630 3824 727 3883 „Varro
746 3824 782 3870 ait
800 3823 923 3872 Graecum
941 3825 1006 3872 hunc
1024 3839 1077 3871 essa
1095 3839 1188 3871 morem
1207 3824 1251 3889 (sc.
1270 3839 1308 3872 ca-

187 3895 194 3909 ’
233 3907 292 3967 pitis
310 3906 436 3971 velandi),
457 3910 514 3968 quia
532 3909 585 3957 sive
602 3910 672 3970 ipse,
690 3909 745 3957 siva
762 3911 805 3969 qui
824 3912 856 3958 ab
874 3925 902 3957 ac
921 3909 1000 3958 relicti
1024 3924 1093 3970 aram
1111 3911 1143 3955 Μ.
1163 3915 1308 3967 statuerunt,

235 3993 330 4041 Graeco
348 3996 397 4041 ritu
414 3995 632 4043 sacrificaverunt“
651 3995 752 4043 fluxisse
771 3996 884 4052 coniecit,
903 4002 999 4043 tantum
1016 3997 1107 4042 facturn
1126 4002 1170 4055 est,
1189 3996 1247 4056 quia
1264 3998 1308 4043 uli-

228 4085 271 4127 ,ter
288 4080 341 4128 cius
359 4081 390 4127 da
407 4081 454 4128 hoo
472 4081 527 4128 loco
544 4081 664 4129 iudicium
682 4096 732 4129 non
750 4088 835 4131 staret.
871 4082 911 4129 De
929 4085 1050 4145 ,praetore
1068 4080 1171 4129 urbano*
1189 4083 1254 4130 euim
1272 4082 1308 4130 ibi

234 4165 260 4212 in
274 4164 401 4213 Macrobio
419 4163 488 4213 nihil.
