2992 4700
665 304 861 369 ig„

310 462 394 527 Quae
416 481 454 522 ex
476 460 577 521 verbis
592 460 725 538 pendent
739 460 865 520 liberius
881 457 1052 536 saepissime
1075 462 1145 517 sunt
1167 459 1284 517 adnexa
1291 482 1299 532 ;

223 567 301 625 siout
321 564 402 624 haud
426 583 494 624 raro
517 569 552 622 nt
572 563 651 641 apud
667 563 742 622 alios
760 562 947 622 Maorobiani
965 560 1075 620 saeouli
1096 561 1256 637 scriptores
1272 562 1299 640 ¹)
1374 582 1375 585 ¹

223 670 267 727 ita
288 668 367 746 apud
389 671 525 727 nostrum
546 662 634 746 ¹quia'
656 666 781 743 ponitur
803 686 856 743 pro
886 660 983 747 ‘quod’
1015 666 1104 744 (quae
1127 663 1298 724 coniunctio

223 773 291 850 ipsa
312 790 457 849 persaepe
480 770 642 830 aoousativi
672 789 696 829 o.
719 769 831 828 infinit.
853 769 952 827 locum
975 767 1123 843 obtinet);
1155 773 1188 826 ut
1221 769 1246 842 I,
1271 774 1299 841 6,

226 880 266 934 62
290 876 367 949 „hoo
390 878 489 932 tamen
505 872 757 950 praetereundum
779 876 909 944 nonest,
933 870 1004 951 quia
1027 890 1126 930 semen
1150 915 1206 929 ...
1228 872 1299 930 hae-

223 978 297 1037 sisse
319 975 573 1056 pronuntiatur“;
596 977 633 1035 of.
657 979 778 1053 praeter
800 980 914 1052 septem
935 974 1026 1047 loeos,
1050 994 1125 1053 quos
1146 968 1241 1032 lanus
1263 975 1300 1033 ad

222 1084 301 1142 hane
319 1080 540 1158 paragraphum
563 1077 722 1154 oongessit,
746 1077 837 1136 etiam
858 1076 901 1150 H,
917 1082 946 1149 4,
964 1081 991 1134 5.
1014 1077 1055 1148 ΙΙ,
1073 1081 1102 1150 5,
1123 1081 1168 1136 19.
1191 1077 1233 1150 ΙΙ,
1252 1082 1299 1150 12,

228 1190 274 1243 16.
296 1185 339 1257 Π,
366 1187 414 1256 14,
439 1186 488 1241 2⁵.
1327 1164 1330 1169 ’

290 1260 440 1365 'Denique
453 1306 512 1345 non
531 1283 728 1345 omittendum
740 1283 928 1343 Maerobium
943 1282 1073 1342 sermoni
1090 1304 1142 1342 suo
1157 1281 1228 1342 inde
1241 1303 1300 1341 ma-

224 1390 306 1452 xime
331 1390 460 1450 colorem
483 1387 631 1469 quendam
647 1387 798 1460 inducere,
822 1388 900 1466 quod
925 1405 1001 1466 quae
1024 1386 1174 1445 sententia
1195 1388 1301 1447 oohae·

222 1498 319 1568 reant,
342 1498 442 1552 tamen
457 1490 643 1568 interpositis
666 1489 734 1549 aliis
752 1490 899 1549 enuntiati
915 1491 1051 1567 partibus
1067 1491 1223 1565 seiungere
1240 1495 1267 1550 st
1288 1524 1300 1535 -

225 1599 307 1667 deat;
330 1596 414 1656 velut
435 1597 460 1669 Ι,
484 1595 512 1669 7,
532 1596 549 1654 7
573 1614 695 1672 „parem
719 1595 929 1655 observantiae
951 1593 1137 1670 diligentiam
1160 1596 1299 1655 Homeri-

226 1703 312 1772 oae·‘;
336 1701 360 1773 I,
387 1703 435 1773 11,
461 1702 496 1758 11
522 1700 579 1772 „ab
602 1697 683 1757 omni
707 1697 910 1777 ouiuseunque
936 1698 1298 1776 66116111161161116111Ι

222 1803 248 1875 Ι,
274 1808 322 1875 13,
349 1807 385 1861 19
419 1822 495 1876 „neo
517 1805 622 1862 eontra
643 1799 780 1860 ordinem
803 1801 936 1878 cogenda
957 1803 1009 1879 (so,
1032 1800 1124 1879 mors)
1147 1805 1299 1862 naturao“.

222 1906 265 1979 ΙΙ,
291 1909 339 1979 14,
366 1910 403 1963 12
426 1904 497 1978 „sed
521 1909 552 1964 et
573 1906 649 1964 haee
671 1904 830 1964 dioendum
853 1908 899 1964 est
921 1905 958 1964 ab
981 1905 1039 1964 alio
1062 1905 1206 1964 moveri“.

308 2009 374 2068 Iam
397 2028 464 2067 oum
486 2010 561 2068 haee
584 2028 660 2089 quae
682 2007 795 2085 protuli
819 2009 956 2068 suffioere
984 2009 1059 2067 mihi
1082 2009 1241 2069 videantur
1263 2009 1301 2068 ad

223 2110 370 2171 Maerobii
401 2130 567 2170 sermonem
597 2111 850 2184 adumbrandum,
884 2112 1024 2189 progredi
1055 2132 1135 2172 nune
1162 2111 1235 2171 lieet
1263 2113 1299 2171 ed

224 2213 463 2274 Saturnaliorum
490 2213 591 2273 libros.
644 2217 744 2294 Atque
776 2214 801 2273 si
830 2219 913 2274 reete
942 2220 1012 2274 suut
1039 2217 1197 2276 observata
1225 2236 1300 2296 quae

225 2319 312 2379 modo
329 2317 464 2397 exposui,
487 2316 657 2377 necessario
676 2317 779 2377 eadem
801 2317 892 2377 etiam
914 2317 1024 2378 debent
1045 2317 1177 2381 inveniri
1199 2319 1231 2378 in
1254 2318 1301 2376 bis

225 2421 465 2482 Saturnaliorum
481 2419 624 2499 partibus,
649 2440 725 2501 quae
739 2422 895 2481 fluxerunt
917 2443 956 2482 ex
977 2422 1071 2499 ipsius
1094 2423 1302 2483 116611ϋί111-

228 2525 337 2601 genio,
361 2523 477 2584 soilioet
498 2524 529 2583 in
553 2523 612 2597 eis,
636 2543 712 2603 quae
734 2524 889 2602 pertinent
910 2525 946 2584 ad
970 2525 1120 2601 dialogum
1142 2526 1302 2604 disponen-

226 2630 306 2687 dum.
351 2628 392 2687 Ut
417 2647 490 2689 vero
514 2628 640 2686 eundem
663 2647 751 2706 quem
774 2648 865 2705 supra
887 2649 1044 2709 sequamur
1067 2630 1209 2703 ordinem,
1233 2649 1302 2688 oon-

224 2733 303 2792 feras
320 2749 430 2811 quaeso
449 2750 515 2790 oum
530 2731 587 2804 his,
612 2750 687 2810 quae
703 2731 800 2809 primo
815 2732 881 2792 loeo
905 2733 941 2792 de
958 2734 1301 2794 substantivorum

225 2856 281 2895 usu
304 2834 399 2914 posui,
422 2833 511 2894 talia:
542 2835 602 2893 Sat.
626 2834 651 2907 Ι,
675 2840 703 2907 2,
727 2841 746 2894 4
770 2835 822 2908 „in
844 2837 945 2916 aliqua
968 2838 1192 2916 opportunitate
1215 2838 1301 2896 doote

226 2960 260 2999 ae
281 2937 448 2998 liberaliter
471 2937 660 3017 colloquendi
683 2937 949 3019 interrogandique
976 2945 1007 2999 et
1028 2941 1228 3017 respondendi
1252 2961 1300 2999 oo·

225 3044 356 3102 mitate“.
399 3040 425 3114 I,
449 3046 477 3114 3,
503 3046 516 3098 1
552 3040 747 3115 „dignatione
770 3043 999 3103 consultationis
1029 3044 1169 3118 gravari“
1199 3043 1252 3122 (ef.
1274 3045 1300 3118 I,

227 3151 322 3219 5,13.
346 3142 554 3203 defensionum
576 3142 774 3221 dignatione).
818 3144 842 3217 I,
861 3150 888 3218 5,
907 3150 945 3204 13
968 3166 1026 3220 „ne
1049 3146 1120 3226 quid
1144 3148 1180 3205 ad
1203 3150 1301 3225 perfe-

226 3250 356 3311 etionem
379 3251 480 3306 ooetus
503 3246 716 3308 desideretur“.
759 3248 785 3320 Ι,
811 3252 838 3321 5,
859 3255 876 3307 3
907 3249 958 3323 „ni
980 3254 1098 3328 tempus
1200 3271 1301 3310 neees-

222 3352 324 3431 vsarias
355 3350 545 3410 diseessionis
577 3372 632 3409 nos
662 3351 863 3412 admoneret“.
914 3352 940 3425 I,
969 3354 996 3427 7,
1021 3359 1038 3412 2
1071 3353 1154 3428 „sine
1185 3354 1301 3414 delectu

227 3455 316 3515 oari“.
351 3455 387 3529 Ἰ,
414 3459 461 3528 11,
492 3458 506 3512 1
539 3454 590 3528 „iu
620 3455 736 3529 ingenii
768 3455 815 3514 sui
838 3476 976 3533 pompam
1007 3462 1037 3516 et
1070 3459 1300 3518 ostentationem

225 3557 397 3640 loquendi“.
440 3556 465 3632 I,
489 3563 539 3630 24,
563 3562 601 3616 21
635 3566 687 3631 „ut
718 3577 773 3619 .·..
795 3559 900 3619 auditu
922 3565 1023 3621 vestro
1045 3582 1165 3621 reoreer
1194 3566 1224 3620 et
1246 3561 1299 3619 ali-

226 3667 338 3743 quanto
361 3660 480 3720 silentio
503 3660 667 3721 instaurem
689 3662 770 3722 vires
792 3662 965 3742 loquendi“.
1018 3664 1085 3739 111,
1120 3669 1214 3741 12,9
1246 3667 1301 3737 „ut

225 3765 292 3844 ipsa
315 3763 433 3825 collatio
456 3769 592 3826 nostrum
614 3786 674 3825 non
690 3767 825 3826 Maronis
841 3766 978 3828 absolvat
992 3770 1150 3828 errorem“.
1195 3767 1247 3840 VI,
1273 3772 1299 3841 1,

296 3933 321 3993 1)
339 3936 370 3983 ef.
390 3935 491 3983 Servius
509 3935 541 3983 ad
558 3935 633 3995 Verg.
650 3936 712 3984 Aen.
730 3938 751 3997 Ι,
772 3940 830 3986 330.
845 3939 901 3985 332.
920 3938 953 3995 11,
968 3938 1024 3984 199.
1038 3938 1095 3984 804.
1112 3938 1158 3996 ΠΙ,
1178 3940 1235 3986 388.
1250 3941 1300 3987 718

226 4022 333 4082 saepius.
346 4021 483 4069 Comment.
501 4021 586 4069 inart.
597 4023 700 4071 Donati.
718 4024 758 4071 ed.
776 4023 834 4072 Keil
851 4038 876 4084 p.
889 4024 948 4082 417,
961 4024 1001 4071 23.
1020 4023 1052 4069 de
1063 4024 1131 4071 final.
1151 4038 1176 4083 p.
1186 4027 1245 4084 451,
1260 4026 1301 4073 16.

225 4107 360 4155 Diomedes
378 4107 416 4155 ed.
435 4107 494 4153 Keil
516 4121 541 4167 p.
560 4110 617 4168 328,
638 4110 678 4158 16.
713 4108 799 4170 Pomp.
819 4109 913 4157 Comm.
938 4106 1067 4169 (Galat.
1086 4109 1120 4171 V)
1145 4125 1170 4171 p.
1191 4113 1248 4171 115,
1268 4115 1301 4175 13

228 4192 267 4238 10.
285 4191 319 4238 Κ.
