2992 4700
484 332 507 348 ιι
541 338 548 348 ι
576 336 635 351 ιιι.
680 338 687 349 ο
724 351 729 355 ,
766 317 803 337 ‘⁶¹

337 349 562 380 νισ“ο.ι’“
602 372 634 383 ,.
679 370 687 381 ι
728 358 733 369 '
804 358 809 367 ⁴

331 397 351 421 ι.
384 379 529 412 ϋι“ι”·ι’
560 384 594 397 ⁸⁸
626 405 631 413 .
679 400 717 417 ,ι
804 396 810 403 ·

323 422 332 438 0
365 422 388 441 'i
449 411 482 443 's'
501 411 561 443 ..ι’
602 432 607 441 ι
627 417 710 449 Γπ..
763 406 845 448 *st-

202 555 261 615 qua
293 536 325 595 in
356 557 389 596 ro
420 558 479 597 non
512 538 748 597 obliviscendum
780 540 858 615 quod
888 539 924 596 ad
957 537 1061 613 Georg.
1092 538 1163 597 libb.
1193 539 1277 598 II—

198 640 242 698 IV
274 639 393 698 omnino
416 660 475 699 non
509 642 650 699 habemns
683 640 796 698 scholia
825 641 967 698 additieia
996 661 1091 720 neque
1121 641 1213 699 multa
1240 645 1276 700 ad

201 745 342 822 quosdam
367 743 517 802 Aeneidos
540 743 645 816 libros,
676 744 760 802 velut
782 743 834 802 lib.
860 743 892 812 V,
921 743 1057 802 Serrium
1081 752 1177 802 autern
1200 745 1278 803 inte·

199 865 281 921 grum
298 845 325 922 ¹)
348 881 390 890 —
419 854 519 905 tamen
541 854 664 922 apparet
687 846 822 905 Danielis
846 846 958 903 scholia
989 867 1027 904 ex
1055 846 1160 905 iisdem
1190 848 1279 923 plano

197 949 331 1008 fontibus
353 968 416 1007 esse
439 950 544 1007 hausta
566 957 656 1026 atque
671 949 863 1018 Veronensis,
885 950 928 1006 ito
951 957 984 1007 ut
1005 949 1123 1024 saepius
1145 950 1277 1025 ipsorum

198 1054 355 1112 verborum
378 1051 466 1108 liccat
489 1051 711 1126 deprehendere
734 1062 918 1110 concentum.
964 1052 1034 1109 Cum
1058 1052 1150 1126 igitur·
1166 1052 1274 1110 Danie-

196 1153 234 1212 lis
253 1153 365 1212 scholia
387 1154 424 1209 ad
445 1153 525 1228 ipsos
547 1153 749 1232 antiquiorum
766 1154 1023 1228 grammaticorum
1046 1155 1272 1213 commentarios

198 1258 337 1327 redeant,
371 1255 508 1314 Servium
532 1254 579 1313 his
602 1275 699 1334 nequo
730 1277 814 1314 nsum
837 1276 900 1314 esse
932 1265 963 1316 et
984 1257 1151 1316 consentire
1174 1258 1274 1334 paucis

198 1358 332 1435 exceptis
354 1377 419 1415 cum
442 1358 562 1417 scholiis
586 1358 692 1417 Veron.
715 1368 831 1417 tanturn
862 1359 894 1417 in
917 1359 1081 1418 tritissimis
1102 1359 1161 1418 iarn
1184 1380 1272 1436 supra

197 1462 372 1527 monuimus.

283 1564 387 1642 Neque
406 1562 438 1621 id
460 1564 555 1622 solum
583 1562 631 1620 his
654 1583 729 1642 quae
752 1563 905 1622 attulimus
927 1564 1033 1622 iterum
1058 1565 1191 1624 firmatur
1213 1567 1273 1624 Da-

197 1665 284 1727 nielis
306 1666 507 1726 additamenta
528 1665 626 1724 Servii
649 1685 709 1724 non
733 1686 812 1738 asse,
844 1667 896 1725 sed
919 1668 1060 1742 probatur
1083 1668 1169 1727 etiam
1194 1673 1273 1749 qnod

197 1769 229 1828 in
261 1770 320 1827 fine
350 1769 455 1845 capitis
484 1769 593 1845 prioris
622 1777 725 1828 contra
752 1769 940 1827 Thomasium
972 1770 1146 1843 statuimus,
1177 1772 1276 1844 omnia

196 1872 309 1930 scholia
331 1872 471 1931 additicia
492 1871 590 1930 redire
612 1872 650 1930 ad
672 1892 764 1930 unum
786 1872 904 1944 librum,
927 1874 979 1952 qni
995 1873 1159 1935 Veronensi
1182 1874 1275 1932 simil·

197 1973 295 2045 limus,
318 1975 490 2034 continebat
511 1979 676 2034 commenta
691 1975 881 2053 antiquorum
897 1982 1002 2051 poetae
1021 1975 1218 2052 interpretum
1240 1977 1272 2035 in

196 2097 286 2136 unum
310 2077 446 2138 conflata.
496 2077 528 2135 Si
550 2077 629 2136 enim
652 2078 837 2154 singulorum
859 2078 993 2136 Danielis
1021 2079 1164 2138 librorum
1187 2082 1272 2139 scho-

195 2180 236 2239 lia
259 2202 297 2239 ex
319 2180 444 2241 diversis
467 2181 607 2253 tontibus,
630 2181 716 2240 velut
738 2201 776 2240 ex
800 2181 886 2239 libris
909 2183 946 2239 de
968 2182 1197 2260 antiquitatibus
1220 2183 1270 2241 ali·

196 2282 278 2356 isve,
312 2283 405 2361 petita
428 2303 491 2342 esse
513 2289 658 2342 statueres
682 2283 827 2361 explicari
850 2288 929 2342 certe
950 2284 980 2342 id
1005 2286 1159 2364 nequiret,
1193 2287 1273 2364 quod

197 2407 251 2464 per
280 2407 381 2447 omnes
408 2388 499 2446 libros
529 2395 589 2446 tam
621 2393 683 2447 arte
714 2389 874 2447 cohaerent
902 2388 1014 2446 scholia
1036 2388 1177 2449 additicia
1206 2409 1272 2447 cum

196 2491 331 2550 frustulis
358 2491 489 2567 ipsorum
512 2491 788 2551 commentariorum
811 2491 1017 2551 vetustiorum.

272 2710 296 2774 1)
315 2713 406 2760 Nullus
425 2712 511 2759 dubito
528 2712 577 2759 hcc
595 2714 758 2771 adseverare,
785 2714 831 2761 etsi
849 2713 949 2761 Thiloni
967 2728 1006 2761 res
1023 2712 1121 2761 videtur
1139 2728 1189 2759 non
1207 2717 1274 2760 certa

197 2799 241 2862 (of.
256 2798 352 2859 praelat
370 2813 393 2859 p.
409 2796 460 2864 14).
497 2799 608 2846 Primum
627 2798 692 2846 enim
710 2815 740 2847 ex
758 2800 813 2859 ipsc
831 2801 951 2860 scriptore
968 2800 1031 2847 nihil
1049 2799 1128 2847 conici
1145 2803 1226 2859 potest
1243 2801 1273 2846 de

196 2889 264 2931 textu
282 2885 395 2931 mutilato
422 2889 496 2944 atque
514 2885 666 2932 circumciso.
713 2885 810 2932 Deinde
835 2886 857 2933 si
874 2886 991 2945 colligere
1009 2887 1118 2933 volneris
1136 2899 1178 2933 eos
1197 2886 1272 2941 locos,

196 2971 222 3017 in
241 2970 331 3030 quibus
349 2974 434 3017 monet
452 2969 554 3017 Servius
573 2983 600 3017 se
618 2984 693 3030 supra
711 2970 803 3030 aliquid
822 2985 952 3018 enarrasse
970 2998 1002 3006 -
1027 2976 1052 3017 et
1069 2977 1127 3018 sunt
1144 2972 1207 3018 tales
1225 2972 1273 3017 fere

197 3055 370 3116 quadringenti
395 3082 428 3090 —
455 3056 516 3102 haee
533 3070 630 3116 semper
647 3057 673 3103 in
691 3062 777 3104 nostro
794 3063 891 3104 exstare
908 3057 1029 3105 invenies.
1071 3057 1185 3115 Denique
1210 3069 1271 3116 qnae

196 3142 329 3202 scriptores
348 3140 434 3188 Servio
452 3142 561 3189 iuniores
587 3156 616 3189 ex
634 3143 682 3189 hoo
699 3142 829 3201 adierunt,
857 3144 882 3189 in
909 3149 979 3190 textu
997 3147 1081 3190 nostro
1110 3157 1159 3189 ncn
1178 3142 1271 3191 deside-

196 3233 290 3275 rantur.
327 3228 368 3286 (cf.
388 3228 461 3276 Thilo
479 3230 556 3288 praef.
576 3243 599 3288 p.
614 3231 646 3276 34
660 3231 707 3287 sq.)
743 3228 879 3277 Addendus
898 3229 1047 3276 enumeratis
1065 3244 1080 3275 a
1097 3229 1202 3276 'Philone
1220 3228 1272 3273 Ma-

196 3315 267 3368 laios,
286 3316 328 3374 qui
346 3315 406 3361 citat
423 3319 535 3362 nostrum
554 3329 578 3374 p.
599 3316 656 3372 162,
676 3318 708 3362 14
727 3320 753 3361 et
777 3329 802 3374 p.
824 3316 915 3375 181‚a
941 3315 1017 3361 Dind.
1045 3330 1093 3375 quo
1112 3316 1190 3361 altero
1217 3316 1271 3361 loco

197 3414 252 3446 eum
270 3399 383 3446 nominat
401 3396 444 3451 τὸν
461 3394 597 3463 Ῥωμαίων
617 3397 782 3465 συγγραφέα,
808 3407 836 3448 ut
852 3402 934 3462 ipsum
953 3401 1066 3448 Servium
1091 3416 1141 3448 non
1159 3401 1272 3448 videatur

197 3487 322 3547 cognitum
341 3486 465 3535 habuisse.
501 3486 612 3547 Respicit
629 3492 711 3535 autem
730 3488 762 3534 ad
779 3486 848 3534 Serv.
862 3488 924 3535 Aen.
943 3488 987 3546 IV,
1007 3489 1056 3535 670
1074 3492 1098 3533 et
1116 3487 1159 3544 vl,
1178 3487 1235 3534 819.
