2992 4700
682 352 895 418 ..24.„

247 512 327 591 quod
348 511 414 589 ipse
437 509 528 570 etium
550 509 704 569 Ciceronis
725 512 826 570 locum
849 512 962 584 adfert,
987 510 1129 570 dissentit
1150 513 1188 571 eb
1210 513 1329 570 Macro-

246 613 297 673 bio
319 613 385 692 ipso
408 612 589 685 disserente,
620 615 711 692 etque
733 616 860 692 praebet
881 635 932 688 ee,
964 613 1134 694 exquibus
1156 613 1327 674 Macrobius

247 737 300 776 sue
323 714 483 792 congessit.

332 820 381 879 Ex
397 818 530 878 eiusdem
544 817 693 878 Macrobii
716 818 824 896 cepitis
846 817 917 898 §17
942 839 978 878 ee
991 819 1150 898 desumpta
1169 839 1233 878 esse
1256 838 1327 877 con·

246 922 346 984 tendit
366 920 509 995 Limnos,
539 940 616 1001 quee
640 920 754 981 scholio
777 921 923 982 Serviano
953 922 991 981 ed
1012 925 1090 982 Aen.
1106 923 1165 995 ΙΠ,
1189 921 1249 981 407
1274 923 1326 983 ud·

246 1027 310 1087 dite
332 1029 416 1098 sunt;
439 1028 598 1104 postquem
621 1023 702 1083 enim
717 1024 842 1086 Servius
857 1023 1215 1095 di1it‚,Saaescicndum
1234 1026 1325 1082 sacri·

242 1128 367 1202 ficantes
389 1128 447 1184 diis
469 1126 597 1185 omnibus
619 1136 707 1204 caput
728 1128 823 1185 celare
845 1137 994 1185 consuetos
1024 1126 1060 1184 cb
1082 1127 1136 1185 lece
1154 1168 1161 1184 .
1182 1169 1189 1184 .
1207 1136 1330 1202 eccepto

246 1234 391 1302 Saturae,
422 1231 604 1288 conaminis
626 1231 746 1288 imitatio
776 1249 837 1287 esse
860 1230 1031 1288 videretur“
1056 1235 1187 1308 pergunt
1210 1229 1326 1290 codices

246 1344 304 1405 „et
322 1333 445 1392 Herculi
464 1333 493 1391 irc
516 1332 619 1409 templo
641 1351 708 1402 suc,
734 1334 803 1409 qam
825 1341 854 1389 ct
876 1334 938 1409 ipsc
959 1336 1055 1412 capite
1077 1342 1174 1411 operto
1198 1342 1256 1405 est,
1282 1334 1329 1391 cel

245 1439 312 1517 quta
334 1437 387 1493 lece
408 1453 477 1493 arae
497 1444 564 1494 ante
585 1435 734 1513 dormtum
757 1436 875 1493 Aeneae
903 1454 921 1493 c
951 1437 1043 1493 Icno
1064 1437 1126 1494 ccl
1146 1438 1173 1495 E
1180 1437 1326 1493 candro

246 1547 428 1598 consecratae
450 1539 546 1595 simt.“
590 1537 764 1598 Macrobius
792 1542 894 1598 eutem
915 1540 936 1598 1.
961 1559 985 1599 o.
1016 1559 1076 1598 non
1106 1540 1144 1599 de
1166 1538 1243 1617 ‘nris’
1274 1539 1327 1598 sed

247 1647 364 1703 tentum
385 1642 422 1702 de
446 1661 498 1703 ere
520 1640 656 1702 Maxime
677 1640 814 1721 loquitur
842 1645 874 1700 et
901 1641 1000 1702 adfert
1027 1646 1136 1714 testem
1158 1643 1325 1703 Varronem

248 1747 415 1818 „Graccum
439 1745 513 1803 ione
535 1764 596 1802 esse
618 1762 722 1802 morem
754 1745 820 1820 quia
841 1746 901 1802 sice
925 1746 987 1823 c‘pte
1009 1743 1062 1822 (ec.
1085 1745 1244 1822 Hercules)
1267 1747 1327 1801 sioe

247 1850 298 1926 qui
325 1847 362 1906 ab
391 1867 422 1904 ec
444 1847 544 1905 relicti
570 1865 652 1905 cram
675 1847 717 1905 M.
743 1855 926 1917 statuerant,
963 1847 1072 1904 Gracco
1094 1849 1155 1905 ritu
1175 1846 1326 1923 sacrifice-

246 1955 385 2023 oerant“,
406 1949 536 2030 denique
553 1948 682 2012 Gavium
697 1949 822 2008 Bassum
841 1948 922 2020 „loc
935 1947 1020 2026 fieri,
1046 1952 1114 2026 quia
1130 1967 1184 2008 arc
1199 1952 1241 2009 M.
1261 1959 1327 2008 ante

246 2056 396 2112 aduentum
419 2055 536 2111 Aeneae
566 2054 594 2110 in
617 2052 703 2110 Italic
726 2053 881 2110 constituta
903 2058 987 2109 est.“
1032 2053 1152 2112 Desunt
1171 2053 1267 2129 igitur
1294 2054 1327 2113 in

247 2155 417 2230 Macrobio,
448 2175 525 2237 quse
556 2155 718 2216 scholiasta
740 2153 882 2215 exhibet:
915 2175 952 2228 „e
978 2156 1053 2215 Iano
1082 2158 1133 2217 vel
1154 2156 1325 2217 Eueudsd‘.

247 2263 350 2340 Atque
372 2259 486 2339 optime
509 2278 576 2318 eum
602 2257 651 2318 his
675 2256 834 2331 convenit,
866 2258 945 2336 quod
966 2279 1064 2340 neque
1086 2261 1164 2320 ulter
1184 2262 1267 2321 locus
1290 2260 1327 2318 ed

247 2367 325 2426 Aen.
343 2369 371 2439 8,
394 2368 466 2438 288,
487 2362 540 2423 ubi
561 2361 599 2422 de
621 2361 725 2422 eedem
747 2381 781 2421 re
804 2359 918 2436 egitur,
942 2382 981 2422 ex
1002 2363 1156 2424 Macrobic
1178 2364 1325 2443 repetitus

249 2489 314 2528 esse
336 2471 452 2546 potest;
474 2465 517 2526 ibi
541 2464 622 2525 enim
637 2463 773 2524 additum
796 2466 855 2523 est:
879 2464 1159 2543 „Sacramentum
1185 2486 1238 2525 car
1260 2468 1327 2525 licie

249 2572 301 2628 deo
324 2579 426 2647 aperto
448 2571 544 2648 capite
565 2586 678 2627 sacram
691 2567 770 2646 βίη,-
806 2566 915 2643 legitur
936 2570 1009 2625 cmm
1032 2570 1061 2626 ia
1084 2568 1166 2627 librie
1187 2571 1327 2647 anteamb-

249 2673 332 2732 ribus
354 2675 445 2750 c'Jrsiee
467 2672 623 2731 admonitio
653 2670 698 2728 liis
721 2668 814 2727 cerdis
845 2669 944 2740 „mili
963 2671 1073 2728 detecto
1100 2674 1205 2729 cortice
1232 2673 1330 2731 carecti

250 2774 449 2854 Socrzflmmt‘
473 2796 499 2836 e.
523 2794 551 2854 q.
575 2778 649 2856 sq.“,
671 2793 747 2854 quoe
771 2794 790 2832 e
805 2773 958 2834 Macrobio
980 2793 1104 2853 prorsus
1126 2778 1198 2834 sunt
1218 2774 1326 2834 eliene.

335 2879 401 2937 Iam
432 2882 466 2937 ut
497 2877 588 2936 finem
616 2875 761 2935 faciemus
791 2877 939 2935 tractandi
969 2878 1026 2936 hoc
1049 2877 1196 2937 Macrobii
1229 2884 1326 2956 capnt,

249 2986 343 3042 restet
365 2986 399 3040 ut
422 2981 458 3040 de
480 2978 513 3059 §S
529 2985 630 3039 9-11
657 2980 844 3040 disseramus.
890 2984 990 3061 Atque
1006 2981 1105 3061 quivis
1120 2980 1230 3041 Linkio
1254 3001 1325 3041 con-

251 3086 351 3160 cedet,
383 3083 519 3144 scholion
547 3083 584 3141 ed
607 3088 681 3141 Aen.
708 3088 742 3157 8,
765 3087 825 3141 363
862 3085 941 3161 quod
964 3084 1098 3145 continet
1120 3085 1227 3145 Octavi
1249 3086 1327 3144 Her-

252 3188 337 3250 senni
360 3185 516 3247 historiam
538 3205 633 3267 usque
655 3187 693 3244 ed
715 3187 808 3248 verbu
823 3185 1055 3267 „Victoremque
1078 3188 1130 3265 (sc.
1151 3186 1325 3264 Herculem)

251 3292 357 3353 incisis
387 3289 497 3349 litteris
526 3288 710 3367 appellavit‘
741 3288 831 3367 plene
862 3290 1031 3350 consentire
1062 3310 1128 3349 cum
1156 3291 1327 3362 Macrobio;

252 3397 359 3456 deinde
381 3394 480 3472 pergit
502 3391 596 3453 schol.
620 3394 730 3470 „Ergo
751 3393 907 3470 Vergilium
925 3413 981 3452 acm
998 3403 1107 3452 tectam
1122 3395 1163 3452 ad
1176 3397 1326 3453 oictcrr'om

248 3507 426 3577 praesentem
441 3494 603 3576 '‘or'ctcrem’
621 3497 740 3566 deterere,
767 3497 819 3554 sed
840 3497 951 3554 occulte
966 3506 1103 3576 perpetuo
1122 3500 1183 3555 eius
1203 3498 1326 3575 epitheto

251 3619 332 3659 mentm
358 3598 488 3658 dedemus
510 3601 660 3675 occepere,
691 3601 794 3676 quiem
823 3617 903 3676 qoem
931 3602 1035 3659 Romae
1061 3600 1113 3658 cab
1139 3601 1192 3658 dcc
1217 3602 1328 3659 nomine

250 3711 398 3780 sacratam
421 3702 482 3760 ccli
501 3701 629 3772 uidebat,
655 3720 719 3760 nam
752 3721 842 3779 cupre
873 3704 916 3760 cit
940 3704 1117 3782 ‘Taurosque
1151 3704 1206 3762 loc
1235 3706 1328 3760 victor

251 3803 367 3884 agebct'
385 3811 427 3879 (c.
451 3808 528 3877 203)
546 3822 609 3862 com
630 3805 665 3862 de
676 3823 777 3883 pagna
801 3806 862 3862 eius
881 3806 942 3863 clio
962 3807 1164 3884 loqueretur“.
1210 3808 1326 3866 Macro·

251 3909 319 3969 bins
342 3914 442 3968 eutem
463 3908 538 3967 haec
560 3908 664 3967 hebet:
689 3906 795 3977 „dedit
808 3927 879 3984 ergo
894 3910 1037 3985 epitheton
1054 3910 1105 3966 deo
1122 3927 1177 3986 quo
1194 3918 1222 3966 et
1236 3927 1327 3985 crgo-

251 4020 372 4069 mentem
401 4018 525 4067 ceteram
558 4013 745 4069 or‘ctoricrum
769 4011 903 4068 Herculis
933 4020 962 4068 et
985 4013 1211 4069 commemoratio
1236 4030 1327 4069 novae

251 4115 391 4171 lectoriae
418 4131 490 4189 qece
518 4116 628 4171 recenti
650 4115 774 4172 Romano
804 4134 888 4172 sacro
911 4132 1026 4171 corisum
1061 4114 1138 4172 dedit
1166 4116 1325 4172 renumere-

254 4221 343 4271 tar⁴‘.
390 4214 485 4273 Mirus
507 4214 601 4289 igitur
621 4215 672 4274 ille
695 4217 901 4296 interpolator,
925 4236 992 4276 oum
1009 4223 1104 4278 totam
1122 4217 1326 4279 narrationem
