<?xml version="1.0" encoding="UTF-8"?>
<!DOCTYPE html PUBLIC "-//W3C//DTD XHTML 1.0 Transitional//EN"
    "http://www.w3.org/TR/xhtml1/DTD/xhtml1-transitional.dtd">
<html xmlns="http://www.w3.org/1999/xhtml" xml:lang="en" lang="en">
 <head>
  <title>
</title>
<meta http-equiv="Content-Type" content="text/html;charset=utf-8" />
  <meta name='ocr-system' content='tesseract 3.04.00' />
  <meta name='ocr-capabilities' content='ocr_page ocr_carea ocr_par ocr_line ocrx_word'/>
</head>
<body>
  <div class='ocr_page' id='page_1' title='image "./quaestionesserv00halfgoog_0063.png"; bbox 0 0 2992 4700; ppageno 0'>
   <div class='ocr_carea' id='block_1_1' title="bbox 630 1169 861 1242">
    <p class='ocr_par' dir='ltr' id='par_1_1' title="bbox 630 1169 861 1242">
     <span class='ocr_line' id='line_1_1' title="bbox 630 1169 861 1242; baseline -0.004 0"><span class='ocrx_word' id='word_1_1' title='bbox 630 1169 861 1242; x_wconf 82' lang='lat' dir='ltr'><strong>vita.</strong></span> 
     </span>
    </p>
   </div>
   <div class='ocr_carea' id='block_1_2' title="bbox 206 1442 1285 2339">
    <p class='ocr_par' dir='ltr' id='par_1_2' title="bbox 206 1442 1285 2339">
     <span class='ocr_line' id='line_1_2' title="bbox 293 1442 1283 1527; baseline -0.002 -25"><span class='ocrx_word' id='word_1_2' title='bbox 293 1445 390 1502; x_wconf 83' lang='lat' dir='ltr'><strong>Natus</strong></span> <span class='ocrx_word' id='word_1_3' title='bbox 414 1463 479 1501; x_wconf 86' lang='lat' dir='ltr'><strong>aum</strong></span> <span class='ocrx_word' id='word_1_4' title='bbox 493 1442 663 1502; x_wconf 85' lang='lat' dir='ltr'><strong>Riehardus</strong></span> <span class='ocrx_word' id='word_1_5' title='bbox 678 1445 824 1502; x_wconf 86' lang='lat' dir='ltr'><strong>Ernestus</strong></span> <span class='ocrx_word' id='word_1_6' title='bbox 840 1443 972 1525; x_wconf 78' lang='lat' dir='ltr'><strong>Haifpap</strong></span> <span class='ocrx_word' id='word_1_7' title='bbox 994 1464 1073 1502; x_wconf 89' lang='lat' dir='ltr'><strong>nom.</strong></span> <span class='ocrx_word' id='word_1_8' title='bbox 1091 1443 1182 1527; x_wconf 75' lang='lat' dir='ltr'><strong>Kleta</strong></span> <span class='ocrx_word' id='word_1_9' title='bbox 1206 1463 1283 1501; x_wconf 90' lang='lat' dir='ltr'><strong>anno</strong></span> 
     </span>
     <span class='ocr_line' id='line_1_3' title="bbox 207 1545 1285 1623; baseline -0.003 -18"><span class='ocrx_word' id='word_1_10' title='bbox 207 1548 238 1605; x_wconf 88' lang='lat' dir='ltr'><strong>h.</strong></span> <span class='ocrx_word' id='word_1_11' title='bbox 263 1568 286 1605; x_wconf 82' lang='lat' dir='ltr'><strong>e.</strong></span> <span class='ocrx_word' id='word_1_12' title='bbox 301 1546 408 1605; x_wconf 89' lang='lat' dir='ltr'>LVIII</span> <span class='ocrx_word' id='word_1_13' title='bbox 430 1546 567 1623; x_wconf 86' lang='lat' dir='ltr'><strong>Stolpae,</strong></span> <span class='ocrx_word' id='word_1_14' title='bbox 599 1545 630 1603; x_wconf 92' lang='lat' dir='ltr'><strong>in</strong></span> <span class='ocrx_word' id='word_1_15' title='bbox 644 1548 740 1615; x_wconf 74' lang='lat' dir='ltr'><strong>-urbe¹</strong></span> <span class='ocrx_word' id='word_1_16' title='bbox 756 1545 960 1604; x_wconf 88' lang='lat' dir='ltr'><strong>Pomeraniae.</strong></span> <span class='ocrx_word' id='word_1_17' title='bbox 1006 1545 1112 1603; x_wconf 83' lang='lat' dir='ltr'><strong>Fidem</strong></span> <span class='ocrx_word' id='word_1_18' title='bbox 1142 1545 1285 1622; x_wconf 82' lang='lat' dir='ltr'><strong>profiteor</strong></span> 
     </span>
     <span class='ocr_line' id='line_1_4' title="bbox 210 1648 1285 1726; baseline -0.002 -19"><span class='ocrx_word' id='word_1_19' title='bbox 210 1648 424 1723; x_wconf 77' lang='lat' dir='ltr'><strong>evangelicam.</strong></span> <span class='ocrx_word' id='word_1_20' title='bbox 467 1648 543 1706; x_wconf 86' lang='lat' dir='ltr'><strong>Inde</strong></span> <span class='ocrx_word' id='word_1_21' title='bbox 568 1651 605 1707; x_wconf 88' lang='lat' dir='ltr'><strong>ab</strong></span> <span class='ocrx_word' id='word_1_22' title='bbox 628 1668 705 1706; x_wconf 87' lang='lat' dir='ltr'><strong>anno</strong></span> <span class='ocrx_word' id='word_1_23' title='bbox 721 1649 859 1706; x_wconf 83' lang='lat' dir='ltr'>LXVIII</span> <span class='ocrx_word' id='word_1_24' title='bbox 881 1648 1071 1725; x_wconf 82' lang='lat' dir='ltr'><strong>gymnasium</strong></span> <span class='ocrx_word' id='word_1_25' title='bbox 1092 1648 1285 1726; x_wconf 72' lang='lat' dir='ltr'>frequentavi</span> 
     </span>
     <span class='ocr_line' id='line_1_5' title="bbox 208 1750 1285 1828; baseline -0.002 -18"><span class='ocrx_word' id='word_1_26' title='bbox 208 1753 423 1825; x_wconf 80' lang='lat' dir='ltr'><strong>Ootbergenae,</strong></span> <span class='ocrx_word' id='word_1_27' title='bbox 445 1751 526 1828; x_wconf 88' lang='lat' dir='ltr'>quod</span> <span class='ocrx_word' id='word_1_28' title='bbox 546 1755 620 1813; x_wconf 85' lang='lat' dir='ltr'><strong>tuna</strong></span> <span class='ocrx_word' id='word_1_29' title='bbox 640 1750 770 1809; x_wconf 82' lang='lat' dir='ltr'><strong>florebat</strong></span> <span class='ocrx_word' id='word_1_30' title='bbox 792 1751 825 1808; x_wconf 90' lang='lat' dir='ltr'><strong>P.</strong></span> <span class='ocrx_word' id='word_1_31' title='bbox 843 1750 1034 1809; x_wconf 79' lang='lat' dir='ltr'><strong>Schmiedero</strong></span> <span class='ocrx_word' id='word_1_32' title='bbox 1051 1755 1181 1822; x_wconf 78' lang='lat' dir='ltr'><strong>rectore,</strong></span> <span class='ocrx_word' id='word_1_33' title='bbox 1205 1770 1285 1809; x_wconf 83' lang='lat' dir='ltr'>nune</span> 
     </span>
     <span class='ocr_line' id='line_1_6' title="bbox 207 1851 1285 1912; baseline -0.002 0"><span class='ocrx_word' id='word_1_34' title='bbox 207 1858 324 1912; x_wconf 77' lang='lat' dir='ltr'><strong>rectore</strong></span> <span class='ocrx_word' id='word_1_35' title='bbox 340 1853 472 1911; x_wconf 83' lang='lat' dir='ltr'><strong>Streitio.</strong></span> <span class='ocrx_word' id='word_1_36' title='bbox 517 1851 704 1910; x_wconf 86' lang='lat' dir='ltr'><strong>Maturitatis</strong></span> <span class='ocrx_word' id='word_1_37' title='bbox 719 1851 892 1912; x_wconf 87' lang='lat' dir='ltr'><strong>testimonio</strong></span> <span class='ocrx_word' id='word_1_38' title='bbox 907 1852 1073 1912; x_wconf 79' lang='lat' dir='ltr'><strong>instructus</strong></span> <span class='ocrx_word' id='word_1_39' title='bbox 1091 1874 1115 1911; x_wconf 90' lang='lat' dir='ltr'><strong>a.</strong></span> <span class='ocrx_word' id='word_1_40' title='bbox 1132 1852 1285 1910; x_wconf 83' lang='lat' dir='ltr'>LXXVII</span> 
     </span>
     <span class='ocr_line' id='line_1_7' title="bbox 207 1954 1285 2032; baseline -0.003 -17"><span class='ocrx_word' id='word_1_41' title='bbox 207 1955 381 2015; x_wconf 87' lang='lat' dir='ltr'><strong>Berolinum</strong></span> <span class='ocrx_word' id='word_1_42' title='bbox 410 1975 457 2013; x_wconf 87' lang='lat' dir='ltr'><strong>me</strong></span> <span class='ocrx_word' id='word_1_43' title='bbox 481 1954 610 2027; x_wconf 81' lang='lat' dir='ltr'><strong>contuli,</strong></span> <span class='ocrx_word' id='word_1_44' title='bbox 643 1954 695 2025; x_wconf 81' lang='lat' dir='ltr'><strong>ubi</strong></span> <span class='ocrx_word' id='word_1_45' title='bbox 725 1975 781 2032; x_wconf 86' lang='lat' dir='ltr'><strong>per</strong></span> <span class='ocrx_word' id='word_1_46' title='bbox 808 1955 855 2013; x_wconf 88' lang='lat' dir='ltr'><strong>bis</strong></span> <span class='ocrx_word' id='word_1_47' title='bbox 882 1976 936 2015; x_wconf 85' lang='lat' dir='ltr'><strong>aex</strong></span> <span class='ocrx_word' id='word_1_48' title='bbox 964 1976 1081 2014; x_wconf 87' lang='lat' dir='ltr'><strong>menses</strong></span> <span class='ocrx_word' id='word_1_49' title='bbox 1103 1954 1285 2014; x_wconf 72' lang='lat' dir='ltr'>disserentes</span> 
     </span>
     <span class='ocr_line' id='line_1_8' title="bbox 208 2056 1284 2130; baseline -0.003 -14"><span class='ocrx_word' id='word_1_50' title='bbox 208 2056 311 2118; x_wconf 84' lang='lat' dir='ltr'><strong>audivi</strong></span> <span class='ocrx_word' id='word_1_51' title='bbox 326 2077 377 2118; x_wconf 79' lang='lat' dir='ltr'><strong>vv.</strong></span> <span class='ocrx_word' id='word_1_52' title='bbox 392 2059 439 2115; x_wconf 85' lang='lat' dir='ltr'><strong>dd.</strong></span> <span class='ocrx_word' id='word_1_53' title='bbox 457 2057 602 2129; x_wconf 75' lang='lat' dir='ltr'><strong>Curtium,</strong></span> <span class='ocrx_word' id='word_1_54' title='bbox 620 2056 851 2129; x_wconf 84' lang='lat' dir='ltr'><strong>Kirehhoffium,</strong></span> <span class='ocrx_word' id='word_1_55' title='bbox 869 2058 1044 2130; x_wconf 87' lang='lat' dir='ltr'><strong>Robertum,</strong></span> <span class='ocrx_word' id='word_1_56' title='bbox 1060 2056 1284 2129; x_wconf 82' lang='lat' dir='ltr'><strong>Steinthalium,</strong></span> 
     </span>
     <span class='ocr_line' id='line_1_9' title="bbox 208 2141 1284 2237; baseline -0.002 -19"><span class='ocrx_word' id='word_1_57' title='bbox 208 2161 392 2232; x_wconf 87' lang='lat' dir='ltr'><strong>Vahlenum;</strong></span> <span class='ocrx_word' id='word_1_58' title='bbox 416 2165 478 2218; x_wconf 86' lang='lat' dir='ltr'><strong>tum</strong></span> <span class='ocrx_word' id='word_1_59' title='bbox 495 2141 768 2237; x_wconf 78' lang='lat' dir='ltr'><strong>Gryphisvialdiam</strong></span> <span class='ocrx_word' id='word_1_60' title='bbox 784 2158 922 2234; x_wconf 82' lang='lat' dir='ltr'><strong>migravi,</strong></span> <span class='ocrx_word' id='word_1_61' title='bbox 944 2159 997 2219; x_wconf 88' lang='lat' dir='ltr'><strong>ubi</strong></span> <span class='ocrx_word' id='word_1_62' title='bbox 1013 2161 1129 2218; x_wconf 77' lang='lat' dir='ltr'><strong>scholas</strong></span> <span class='ocrx_word' id='word_1_63' title='bbox 1143 2159 1284 2237; x_wconf 87' lang='lat' dir='ltr'><strong>frequen·</strong></span> 
     </span>
     <span class='ocr_line' id='line_1_10' title="bbox 206 2260 1283 2339; baseline -0.002 -19"><span class='ocrx_word' id='word_1_64' title='bbox 206 2261 272 2322; x_wconf 82' lang='lat' dir='ltr'><strong>tavi</strong></span> <span class='ocrx_word' id='word_1_65' title='bbox 294 2281 345 2321; x_wconf 84' lang='lat' dir='ltr'><strong>vv.</strong></span> <span class='ocrx_word' id='word_1_66' title='bbox 362 2262 406 2320; x_wconf 81' lang='lat' dir='ltr'><strong>ili,</strong></span> <span class='ocrx_word' id='word_1_67' title='bbox 429 2260 621 2335; x_wconf 83' lang='lat' dir='ltr'><strong>Kiesslingii,</strong></span> <span class='ocrx_word' id='word_1_68' title='bbox 643 2262 844 2334; x_wconf 78' lang='lat' dir='ltr'><strong>Liitiohanni,</strong></span> <span class='ocrx_word' id='word_1_69' title='bbox 867 2260 1029 2334; x_wconf 86' lang='lat' dir='ltr'><strong>Preunari,</strong></span> <span class='ocrx_word' id='word_1_70' title='bbox 1052 2260 1206 2339; x_wconf 81' lang='lat' dir='ltr'><strong>Sehuppii,</strong></span> <span class='ocrx_word' id='word_1_71' title='bbox 1229 2262 1283 2319; x_wconf 85' lang='lat' dir='ltr'><strong>Su-</strong></span> 
     </span>
    </p>
   </div>
   <div class='ocr_carea' id='block_1_3' title="bbox 63 2359 1284 2747">
    <p class='ocr_par' dir='ltr' id='par_1_3' title="bbox 63 2359 1284 2648">
     <span class='ocr_line' id='line_1_11' title="bbox 63 2359 1284 2442; baseline -0.001 -18"><span class='ocrx_word' id='word_1_72' title='bbox 63 2359 65 2406; x_wconf 66' lang='grc' dir='ltr'><strong><em>ἕ</em></strong></span> <span class='ocrx_word' id='word_1_73' title='bbox 127 2436 130 2442; x_wconf 70' lang='lat'>,</span> <span class='ocrx_word' id='word_1_74' title='bbox 207 2365 356 2438; x_wconf 83' lang='lat' dir='ltr'><strong>semihlii,</strong></span> <span class='ocrx_word' id='word_1_75' title='bbox 380 2365 603 2437; x_wconf 83' lang='lat' dir='ltr'><strong>Welihausani,</strong></span> <span class='ocrx_word' id='word_1_76' title='bbox 632 2366 669 2423; x_wconf 89' lang='lat' dir='ltr'><strong>de</strong></span> <span class='ocrx_word' id='word_1_77' title='bbox 691 2364 929 2425; x_wconf 84' lang='lat' dir='ltr'><strong>Wilamowitzii.</strong></span> <span class='ocrx_word' id='word_1_78' title='bbox 974 2364 1133 2424; x_wconf 83' lang='lat' dir='ltr'><strong>Seminarii</strong></span> <span class='ocrx_word' id='word_1_79' title='bbox 1155 2364 1284 2441; x_wconf 82' lang='lat' dir='ltr'><strong>philolo·</strong></span> 
     </span>
     <span class='ocr_line' id='line_1_12' title="bbox 208 2467 1284 2546; baseline -0.002 -19"><span class='ocrx_word' id='word_1_80' title='bbox 208 2468 267 2543; x_wconf 85' lang='lat' dir='ltr'><strong>giai</strong></span> <span class='ocrx_word' id='word_1_81' title='bbox 290 2472 325 2527; x_wconf 86' lang='lat' dir='ltr'><strong>ut</strong></span> <span class='ocrx_word' id='word_1_82' title='bbox 345 2489 400 2546; x_wconf 86' lang='lat' dir='ltr'><strong>per</strong></span> <span class='ocrx_word' id='word_1_83' title='bbox 421 2468 480 2527; x_wconf 90' lang='lat' dir='ltr'><strong>tria</strong></span> <span class='ocrx_word' id='word_1_84' title='bbox 497 2467 652 2527; x_wconf 82' lang='lat' dir='ltr'><strong>semestria</strong></span> <span class='ocrx_word' id='word_1_85' title='bbox 674 2488 770 2526; x_wconf 87' lang='lat' dir='ltr'><strong>essem</strong></span> <span class='ocrx_word' id='word_1_86' title='bbox 793 2467 902 2526; x_wconf 88' lang='lat' dir='ltr'><strong>sodalis</strong></span> <span class='ocrx_word' id='word_1_87' title='bbox 919 2467 1097 2539; x_wconf 87' lang='lat' dir='ltr'><strong>ordinarius,</strong></span> <span class='ocrx_word' id='word_1_88' title='bbox 1119 2487 1284 2545; x_wconf 89' lang='lat' dir='ltr'><strong>perunum</strong></span> 
     </span>
     <span class='ocr_line' id='line_1_13' title="bbox 208 2568 1283 2648; baseline -0.001 -19"><span class='ocrx_word' id='word_1_89' title='bbox 208 2570 324 2643; x_wconf 85' lang='lat' dir='ltr'><strong>senior,</strong></span> <span class='ocrx_word' id='word_1_90' title='bbox 354 2570 484 2645; x_wconf 83' lang='lat' dir='ltr'>benigne</span> <span class='ocrx_word' id='word_1_91' title='bbox 514 2569 718 2648; x_wconf 82' lang='lat' dir='ltr'><strong>permiserunt</strong></span> <span class='ocrx_word' id='word_1_92' title='bbox 737 2570 939 2644; x_wconf 83' lang='lat' dir='ltr'><strong>Kiesslingius</strong></span> <span class='ocrx_word' id='word_1_93' title='bbox 970 2574 1001 2629; x_wconf 86' lang='lat' dir='ltr'><strong>at</strong></span> <span class='ocrx_word' id='word_1_94' title='bbox 1022 2568 1283 2629; x_wconf 84' lang='lat' dir='ltr'><strong>Wilamowitzius.</strong></span> 
     </span>
    </p>

    <p class='ocr_par' dir='ltr' id='par_1_4' title="bbox 294 2670 1283 2747">
     <span class='ocr_line' id='line_1_14' title="bbox 294 2670 1283 2747; baseline -0.002 -16"><span class='ocrx_word' id='word_1_95' title='bbox 294 2672 571 2732; x_wconf 77' lang='lat' dir='ltr'><strong>Exercitationibus</strong></span> <span class='ocrx_word' id='word_1_96' title='bbox 590 2672 737 2730; x_wconf 86' lang='lat' dir='ltr'><strong>interesse</strong></span> <span class='ocrx_word' id='word_1_97' title='bbox 760 2672 836 2730; x_wconf 90' lang='lat' dir='ltr'><strong>mihi</strong></span> <span class='ocrx_word' id='word_1_98' title='bbox 858 2671 947 2731; x_wconf 82' lang='lat' dir='ltr'><strong>licuit</strong></span> <span class='ocrx_word' id='word_1_99' title='bbox 961 2670 1162 2747; x_wconf 74' lang='lat' dir='ltr'><strong>grammaticis</strong></span> <span class='ocrx_word' id='word_1_100' title='bbox 1184 2693 1202 2729; x_wconf 89' lang='lat' dir='ltr'><strong>a</strong></span> <span class='ocrx_word' id='word_1_101' title='bbox 1224 2672 1283 2729; x_wconf 76' lang='lat' dir='ltr'><strong>Le-</strong></span> 
     </span>
    </p>
   </div>
   <div class='ocr_carea' id='block_1_4' title="bbox 187 2772 1283 3241">
    <p class='ocr_par' dir='ltr' id='par_1_5' title="bbox 187 2772 1283 3241">
     <span class='ocr_line' id='line_1_15' title="bbox 207 2772 1283 2848; baseline 0.002 -18"><span class='ocrx_word' id='word_1_102' title='bbox 207 2772 369 2846; x_wconf 86' lang='lat' dir='ltr'><strong>tiohanno,</strong></span> <span class='ocrx_word' id='word_1_103' title='bbox 398 2774 631 2848; x_wconf 83' lang='lat' dir='ltr'><strong>arehaeologiais</strong></span> <span class='ocrx_word' id='word_1_104' title='bbox 660 2774 831 2833; x_wconf 84' lang='lat' dir='ltr'><strong>aRoberto</strong></span> <span class='ocrx_word' id='word_1_105' title='bbox 854 2778 885 2832; x_wconf 84' lang='lat' dir='ltr'><strong>et</strong></span> <span class='ocrx_word' id='word_1_106' title='bbox 905 2776 1068 2847; x_wconf 84' lang='lat' dir='ltr'>Preunero,</span> <span class='ocrx_word' id='word_1_107' title='bbox 1092 2773 1283 2832; x_wconf 76' lang='lat' dir='ltr'><strong>aristotelicis</strong></span> 
     </span>
     <span class='ocr_line' id='line_1_16' title="bbox 209 2875 1283 2948; baseline 0.001 -15"><span class='ocrx_word' id='word_1_108' title='bbox 209 2897 227 2933; x_wconf 89' lang='lat' dir='ltr'><strong>a</strong></span> <span class='ocrx_word' id='word_1_109' title='bbox 248 2875 446 2948; x_wconf 81' lang='lat' dir='ltr'><strong>Susemihlio,</strong></span> <span class='ocrx_word' id='word_1_110' title='bbox 475 2875 608 2935; x_wconf 80' lang='lat' dir='ltr'><strong>metricis</strong></span> <span class='ocrx_word' id='word_1_111' title='bbox 631 2897 649 2933; x_wconf 89' lang='lat' dir='ltr'><strong>a</strong></span> <span class='ocrx_word' id='word_1_112' title='bbox 671 2875 905 2936; x_wconf 85' lang='lat' dir='ltr'><strong>Wilamowitzio</strong></span> <span class='ocrx_word' id='word_1_113' title='bbox 927 2875 1084 2935; x_wconf 85' lang='lat' dir='ltr'><strong>institutis.</strong></span> <span class='ocrx_word' id='word_1_114' title='bbox 1129 2876 1186 2934; x_wconf 87' lang='lat' dir='ltr'><strong>His</strong></span> <span class='ocrx_word' id='word_1_115' title='bbox 1208 2875 1283 2936; x_wconf 85' lang='lat' dir='ltr'><strong>viris</strong></span> 
     </span>
     <span class='ocr_line' id='line_1_17' title="bbox 208 2977 1282 3057; baseline 0.001 -20"><span class='ocrx_word' id='word_1_116' title='bbox 208 2977 362 3051; x_wconf 87' lang='lat' dir='ltr'><strong>omnibus,</strong></span> <span class='ocrx_word' id='word_1_117' title='bbox 386 2998 460 3057; x_wconf 91' lang='lat' dir='ltr'><strong>quos</strong></span> <span class='ocrx_word' id='word_1_118' title='bbox 475 2978 645 3051; x_wconf 79' lang='lat' dir='ltr'><strong>nominavi,</strong></span> <span class='ocrx_word' id='word_1_119' title='bbox 667 2977 817 3055; x_wconf 83' lang='lat' dir='ltr'><strong>imprimis</strong></span> <span class='ocrx_word' id='word_1_120' title='bbox 839 2999 912 3037; x_wconf 85' lang='lat' dir='ltr'><strong>vero</strong></span> <span class='ocrx_word' id='word_1_121' title='bbox 936 2978 1118 3053; x_wconf 86' lang='lat' dir='ltr'><strong>Kiesslingio</strong></span> <span class='ocrx_word' id='word_1_122' title='bbox 1143 2986 1173 3039; x_wconf 84' lang='lat' dir='ltr'><strong>et</strong></span> <span class='ocrx_word' id='word_1_123' title='bbox 1187 2980 1282 3040; x_wconf 85' lang='lat' dir='ltr'><strong>Wila·</strong></span> 
     </span>
     <span class='ocr_line' id='line_1_18' title="bbox 208 3079 1283 3162; baseline 0.002 -24"><span class='ocrx_word' id='word_1_124' title='bbox 208 3080 368 3153; x_wconf 82' lang='lat' dir='ltr'><strong>mowitzio‚</strong></span> <span class='ocrx_word' id='word_1_125' title='bbox 392 3080 504 3159; x_wconf 85' lang='lat' dir='ltr'><strong>optime</strong></span> <span class='ocrx_word' id='word_1_126' title='bbox 527 3082 626 3140; x_wconf 85' lang='lat' dir='ltr'><strong>deme</strong></span> <span class='ocrx_word' id='word_1_127' title='bbox 641 3079 767 3153; x_wconf 86' lang='lat' dir='ltr'><strong>meritis,</strong></span> <span class='ocrx_word' id='word_1_128' title='bbox 790 3080 903 3155; x_wconf 80' lang='lat' dir='ltr'><strong>gratias</strong></span> <span class='ocrx_word' id='word_1_129' title='bbox 923 3101 1039 3159; x_wconf 87' lang='lat' dir='ltr'><strong>semper</strong></span> <span class='ocrx_word' id='word_1_130' title='bbox 1054 3084 1170 3142; x_wconf 89' lang='lat' dir='ltr'><strong>habebo</strong></span> <span class='ocrx_word' id='word_1_131' title='bbox 1194 3103 1283 3162; x_wconf 87' lang='lat' dir='ltr'><strong>quam</strong></span> 
     </span>
     <span class='ocr_line' id='line_1_19' title="bbox 187 3203 372 3241; baseline 0.005 -1"><span class='ocrx_word' id='word_1_132' title='bbox 187 3203 372 3241; x_wconf 83' lang='lat' dir='ltr'><strong>maxumas.</strong></span> 
     </span>
    </p>
   </div>
   <div class='ocr_carea' id='block_1_5' title="bbox 0 0 1501 4700">
    <p class='ocr_par' dir='ltr' id='par_1_6' title="bbox 0 0 1501 4700">
     <span class='ocr_line' id='line_1_20' title="bbox 0 0 1501 4700; baseline 0 0"><span class='ocrx_word' id='word_1_133' title='bbox 0 0 1501 4700; x_wconf 95' lang='lat' dir='ltr'><strong> </strong></span> 
     </span>
    </p>
   </div>
  </div>
 </body>
</html>
