2992 4700
677 286 893 354 ...50-

247 443 376 504 Graecos
399 447 555 521 stupentes
578 442 677 503 omnia
704 464 758 503 aua
779 441 935 503 auferendi
958 420 1138 519 potestatem
1159 440 1325 501 dedisse..

246 573 290 599 =
304 551 341 606 A.
357 546 400 619 H,
417 551 478 605 636
494 547 590 606 Varro
606 566 664 606 rer.
680 548 763 606 hum.
782 546 826 606 ait
841 545 1019 624 permissum
1035 567 1052 603 a
1068 544 1190 605 Graecis
1204 545 1327 604 Aeneae

245 654 281 708 ut
302 650 445 710 erederet
477 653 508 709 et
537 651 740 730 quadrarum
768 653 891 728 puteret
912 649 1060 717 auferret3
1092 647 1180 707 illum
1209 652 1326 725 patrem

245 751 408 824 liberasse,
440 771 507 811 oum
535 751 598 824 illi,
630 751 738 831 quibus
762 750 871 810 similis
894 750 977 828 optio
1001 753 1081 809 esset
1102 750 1189 822 data,
1220 769 1327 808 aurum

246 859 277 913 ot
286 858 445 930 argentum
457 854 662 915 abstulissent.
690 857 813 914 Aeneae
830 858 955 932 propter
969 850 1199 911 admirationem
1214 851 1325 912 iterum

245 978 263 1017 a
285 956 407 1017 Graecis
429 976 617 1031 conoessum,
640 963 675 1016 ut
697 957 777 1037 quod
799 956 895 1017 vellet
916 955 1064 1027 auferret3
1087 954 1175 1014 illum
1198 1000 1230 1014 ..
1253 956 1324 1016 deos

244 1061 374 1119 Penates
396 1058 569 1133 abstulisse,
599 1063 674 1118 tune
703 1057 732 1118 ei
763 1058 924 1117 aGraeeis
947 1077 1119 1117 conoessum
1141 1061 1176 1117 ut
1197 1063 1229 1116 at
1250 1078 1324 1137 qnos

244 1163 341 1223 vellet
361 1181 462 1221 seeum
490 1165 522 1220 et
543 1183 597 1221 sua
625 1160 724 1221 omnia
744 1161 900 1222 liberaret.
944 1160 987 1219 cf.
1013 1159 1103 1219 etiam
1125 1163 1161 1218 A.
1178 1161 1238 1233 ΙΠ,
1264 1166 1321 1221 148

244 1265 340 1326 Varro
364 1284 422 1324 rer.
446 1265 528 1323 hum.
552 1265 681 1324 seeundo
704 1263 762 1336 ait,
786 1308 818 1322 ..
841 1263 987 1344 quaedam
1007 1261 1110 1337 lignea
1131 1262 1183 1323 vel
1205 1263 1323 1343 lapidea
1425 1252 1432 1279 ‘

245 1368 354 1444 siffi'lla.
377 1412 385 1427 .
409 1410 416 1425 .

333 1471 381 1530 Ex
411 1467 506 1528 altero
536 1468 665 1548 denique
696 1468 879 1527 soholiorum
901 1467 1120 1526 veronensium
1150 1472 1236 1546 parte
1265 1471 1323 1529 hae

246 1573 456 1632 adnotationes
479 1592 546 1632 eum
568 1571 704 1630 Danielis
729 1570 943 1630 additamentis
966 1570 1158 1629 consentiunt
1171 1573 1214 1650 ¹):

329 1695 357 1754 p.
383 1681 448 1749 99,
478 1681 519 1734 11
545 1677 649 1736 Comes
670 1676 801 1735 infelieis
820 1673 871 1753 ΙΙ]
896 1676 1064 1734 Cornutus:
1090 1694 1160 1733 num
1183 1676 1323 1737 indecore

245 1780 304 1837 hoo
326 1778 444 1852 dieitur,
468 1798 535 1838 oum
558 1779 597 1837 sit
614 1777 719 1838 Ulixes
741 1779 838 1838 hostis
854 1777 995 1838 Aoneae?
1020 1781 1132 1854 Asper:
1157 1799 1216 1836 non
1239 1780 1322 1839 inde-

244 1900 313 1941 core
336 1882 387 1940 sed
409 1882 526 1960 poetioe
549 1887 580 1940 et
600 1881 776 1956 magnifiee,
809 1882 951 1961 qnoniam
983 1882 1086 1940 eudem
1118 1881 1270 1940 erroribus
1292 1889 1323 1941 et

244 1983 385 2062 perieulis
407 1985 580 2062 patiebatur
600 1987 727 2043 Aeneas.
755 2011 798 2035 =
822 1990 857 2043 A.
881 1987 946 2055 ΙΙΙ,
971 1990 1028 2044 691
1065 2004 1133 2043 nam
1159 1990 1191 2043 A.
1214 1985 1319 2045 inean-

243 2107 316 2162 grue
337 2086 490 2147 infelicem
510 2088 546 2147 U.
569 2088 658 2160 dieit3
691 2089 751 2147 nisi
781 2090 860 2148 forte
891 2088 974 2167 qnasi
1006 2088 1073 2166 pius
1103 2088 1193 2146 etiam
1223 2088 1320 2148 hostis

246 2191 412 2264 miseretur,
436 2210 502 2250 anm
526 2190 638 2250 similes
662 2211 778 2251 errores
802 2196 832 2250 et
854 2191 919 2268 ipae
941 2192 1082 2269 patiatur.

330 2313 360 2371 p.
384 2297 449 2367 93,
475 2297 492 2350 8
524 2292 554 2352 0.
587 2293 720 2354 Fannius
749 2293 782 2352 in
807 2292 885 2353 VllI
907 2313 977 2353 ann.
1022 2294 1193 2370 Drepanum
1223 2294 1321 2368 modo,

244 2397 332 2455 modo
363 2396 504 2475 Drepana
533 2397 701 2474 appelabat.
731 2424 775 2447 =
804 2400 840 2456 A.
871 2397 937 2469 ΙΙΙ,
970 2396 1028 2455 701
1061 2398 1134 2456 (lato
1165 2397 1323 2474 pluraliter

244 2502 327 2583 ,haee
345 2495 495 2579 Drepana’
519 2500 600 2559 dioit.

330 2622 358 2679 p.
383 2608 448 2675 93,
472 2608 519 2661 94
543 2603 644 2661 Primo
660 2607 786 2679 propter
800 2607 912 2662 metum
935 2620 1037 2678 parva,
1061 2622 1140 2661 mox.
1155 2628 1198 2652 =
1215 2608 1248 2660 A.
1266 2602 1320 2675 IV,

248 2704 307 2764 176
330 2706 415 2764 Metu
436 2702 548 2783 primo]
571 2683 754 2786 non'primo
777 2701 867 2764 metu'
890 2706 941 2763 sed
957 2700 1111 2785 primnm’,
1136 2704 1214 2784 quod
1232 2704 1321 2765 initio

250 2807 365 2867 cautius
386 2807 535 2887 loquatur.

332 2931 361 2987 p.
385 2915 447 2983 93,
472 2916 518 2969 98
549 2914 648 2987 Asper
758 2911 789 2968 in
819 2912 889 2970 deos
919 2910 1034 2970 saevire
1064 2911 1173 2968 famam
1197 2909 1315 2981 creavit,

245 3031 410 3091 perquam
439 3013 509 3092 quia
538 3013 772 3071 introdnonntnr
800 3012 930 3072 invicem
961 3014 1110 3071 certantes
1144 3018 1175 3071 et
1204 3013 1317 3071 adulter

252 3118 330 3192 (asse
355 3116 425 3174 deos
447 3115 528 3174 inter
546 3114 590 3193 se)
613 3121 643 3174 et
659 3114 860 3188 belligerasse,
883 3117 958 3173 haee
980 3116 1067 3173 nobis
1090 3116 1320 3175 innotescerent.

244 3243 287 3269 =
308 3222 344 3278 A.
367 3218 420 3290 IV,
446 3218 503 3276 179
528 3219 650 3276 Famam
673 3237 743 3292 ergo
766 3217 882 3276 indueit
904 3217 998 3276 ultam
1021 3238 1085 3276 ease
1108 3219 1224 3292 fratres,
1249 3219 1320 3299 quia

244 3322 311 3399 ipsa
334 3320 456 3380 deornm
478 3320 587 3380 delleta
609 3319 757 3395 vulgavit.
1083 3379 1085 3382 ,

330 3445 360 3501 p.
385 3429 445 3497 94,
473 3427 514 3482 ll
539 3423 638 3500 Salve]
662 3423 813 3483 Catullus:
846 3423 965 3482 Salvete
988 3423 1075 3481 deum
1098 3444 1179 3497 gena,
1204 3445 1220 3483 o
1242 3427 1322 3485 bona

246 3530 376 3585 matrum
398 3526 573 3604 progenies,
597 3525 710 3585 adnata
732 3527 873 3602 iter(um‚
906 3526 1018 3585 salvete
1041 3528 1198 3606 praesnti).
1220 3554 1263 3578 =
1284 3533 1322 3587 A.

245 3630 280 3703 V,
305 3634 344 3687 80
373 3630 413 3688 Et
434 3631 493 3689 hoo
512 3632 637 3690 verbum
659 3629 760 3711 ‘salve'
783 3630 861 3707 apud
883 3634 1020 3688 auctores
1042 3632 1138 3689 bonos
1160 3636 1207 3689 ter
1228 3652 1323 3691 enun-

244 3733 351 3791 tiatum
373 3732 529 3794 invenitur
550 3732 682 3811 ,salvata
705 3732 828 3805 salvete,
851 3727 973 3792 salvete'
987 3731 1025 3809 ²).

316 3866 342 3932 1)
360 3867 397 3915 cf.
417 3882 447 3914 ex
464 3868 590 3915 lacunosis
608 3867 697 3916 scholl.
714 3868 800 3915 Herm.
818 3869 831 3914 1
847 3882 871 3927 p.
894 3869 927 3915 15
945 3873 970 3915 et
987 3868 1040 3915 Eol.
1054 3869 1111 3927 VII,
1131 3872 1171 3916 91.
1190 3883 1215 3928 p.
1229 3869 1272 3928 89,
1287 3870 1317 3916 11

249 3949 290 4019 (of.
309 3948 405 4020 Herm.)
423 3957 448 4000 et
464 3953 496 3999 A.
513 3954 535 4011 1,
555 3955 595 4002 13.
623 3968 647 4013 p.
667 3955 709 4012 84,
730 3957 742 4000 1
762 3957 787 3999 et
804 3952 834 3998 A.
852 3953 873 4013 1,
892 3954 949 4001 960.
977 3968 1001 4014 p.
1021 3956 1062 4012 85,
1082 3955 1096 4000 3
1115 3961 1140 4002 et
1157 3955 1188 4013 A,
1208 3955 1241 4013 11,
1260 3955 1318 4001 101.

245 4053 270 4099 p.
291 4041 332 4098 86,
353 4041 383 4086 14
402 4044 427 4086 et
444 4040 475 4085 A.
493 4039 528 4100 11,
549 4041 605 4089 104.
623 4054 649 4099 p.
667 4040 708 4098 86,
726 4041 760 4087 94
781 4043 805 4086 et
822 4040 852 4086 A.
870 4040 905 4099 11,
928 4041 984 4086 118.
1020 4039 1105 4086 Herm.
1124 4041 1157 4099 11,
1175 4041 1229 4100 μδ
1248 4045 1273 4087 et
1289 4040 1321 4087 A.

245 4123 277 4169 ΙΙ.
297 4125 354 4172 999.

316 4208 341 4275 9)
359 4208 398 4255 Ita
416 4208 584 4269 Kiesslingins
602 4209 761 4258 scribendum
779 4210 851 4259 iussit
867 4225 914 4271 pro
931 4211 1038 4272 tradito,
1065 4212 1151 4272 salve,
1171 4214 1258 4273 salve,
1283 4228 1321 4261 re·
