2992 4700
45 4111 51 4172 l

103 574 110 649 l

101 654 112 709 r

91 722 109 1335 Ι
233 1124 236 1129 ’
484 1141 737 1251 Quaestiones
764 1142 981 1216 Seruianae.

90 1338 97 1401 l

268 1415 467 1495 Inquisituris
482 1416 515 1474 in
531 1415 631 1478 Servii
646 1416 842 1490 grammatici,
866 1417 918 1495 qui
940 1407 1092 1490 feruntur,
1117 1437 1265 1476 common-

185 1520 289 1590 tarios,
314 1520 411 1598 primo
427 1521 502 1594 loeo,
525 1521 571 1579 uti
594 1540 649 1597 per
671 1541 702 1579 so
718 1524 810 1597 patet,
833 1523 927 1580 verba
941 1520 1028 1580 nobis
1042 1519 1181 1580 facienda
1197 1526 1267 1579 sunt

191 1624 230 1682 de
245 1644 280 1682 ea
295 1622 478 1702 quaestione,
501 1643 578 1702 quae
593 1623 663 1682 inde
687 1626 724 1684 ab
740 1644 818 1681 anno
837 1627 927 1696 1600,
951 1643 1009 1702 quo
1032 1626 1140 1683 Petrus
1155 1618 1267 1682 Daniel

188 1727 329 1788 Servium
348 1726 452 1786 multis
474 1726 596 1786 scholiis
619 1726 715 1785 edidit
737 1731 866 1800 auctum,
888 1726 971 1788 uiros
994 1728 1096 1787 doctos
1120 1725 1268 1798 exercuit,

185 1834 288 1889 utrum
311 1829 406 1906 ipsius
429 1830 529 1892 servii
559 1829 620 1889 sint
642 1850 677 1888 ea
699 1830 903 1889 additamenta
925 1850 1028 1891 neone.
1073 1833 1175 1909 Atque
1198 1833 1266 1907 post

184 1933 296 1992 editam
320 1955 338 1991 8
353 1933 481 1992 Thilone
503 1922 691 1994 insanium
706 1933 924 2010 praefationem
946 1934 1007 1992 iam
1030 1933 1167 1995 breviter
1187 1934 1266 1990 hanc

161 2048 247 2095 'rem
268 2035 343 2095 licet
366 2038 540 2110 absolvere,
575 2056 641 2095 oum
664 2036 714 2098 vir
734 2036 789 2096 ille
812 2037 950 2112 egregius
974 2036 1177 2115 copiosissime
1200 2055 1265 2094 eam

184 2139 375 2200 tractaverit.
432 2140 475 2199 Ut
505 2160 577 2200 vero
608 2141 828 2199 demonstraret
855 2140 992 2200 Danielis
1023 2140 1137 2200 scholia
1166 2138 1265 2198 aliena

182 2262 247 2301 esse
265 2264 283 2301 8
301 2243 406 2304 Seruio
423 2243 585 2322 praecipuo
601 2264 672 2303 usus
690 2248 736 2327 est
751 2242 800 2302 his
815 2244 1016 2318 argumentis:
1037 2243 1168 2321 primum
1183 2241 1261 2300 auct'

181 2345 230 2404 illi
257 2345 394 2407 Danielis
421 2326 511 2421 libri,
534 2351 683 2426 quotquot
705 2348 860 2420 habemus,
883 2348 983 2409 Servii
1005 2368 1114 2407 nomen
1136 2367 1208 2424 prae
1231 2365 1262 2404 se

182 2471 243 2509 non
265 2451 384 2523 ferunt3
407 2450 515 2509 deinde
538 2470 605 2510 cum
629 2450 752 2511 Servius
774 2450 807 2508 in
831 2450 1045 2510 commentario
1067 2452 1203 2525 legentes
1226 2449 1263 2507 ad

185 2552 321 2630 superius
344 2553 484 2631 exposita
505 2559 629 2614 revocet
649 2554 702 2627 ita,
724 2558 760 2612 ut
781 2559 851 2613 ante
873 2556 925 2615 vel
941 2574 1031 2632 supra
1053 2554 1090 2612 de
1105 2553 1207 2631 eliqua
1228 2571 1261 2610 ro

183 2676 225 2730 ,se
240 2654 362 2714 dixisse'
385 2661 515 2730 moneat,
537 2655 571 2715 in
586 2655 737 2716 additioiis
754 2656 877 2716 scholiis
899 2657 937 2715 de
960 2656 1063 2735 aliqua
1082 2676 1115 2716 re
1138 2656 1260 2733 ,dictum

182 2757 256 2818 esse'
280 2764 528 2818 commemoratur
542 2759 581 2838 1).
630 2759 769 2839 Denique
798 2779 862 2818 rem
892 2758 1027 2833 conficit,
1059 2760 1158 2839 quod,
1193 2779 1259 2818 cum

175 2861 307 2922 Servius
328 2860 361 2919 in
384 2861 570 2939 explicandis
585 2861 715 2936 Vergilii
738 2862 920 2923 carminibus
943 2862 1041 2940 primo
1063 2864 1129 2922 loco
1151 2882 1258 2939 posue·

138 2973 141 2978 '
178 2964 222 3023 rit
242 2964 428 3038 Aeneidem,
460 2969 623 3045 aequantur
644 2964 786 3024 Bucolica
817 2970 848 3024 et
870 2965 1031 3041 Georgica,
1063 2965 1178 3025 scholia
1198 2965 1259 3023 Da·

79 3085 80 3088 ’
177 3067 293 3126 niclina
316 3070 479 3127 ostendunt
500 3068 747 3127 commentarium
769 3069 894 3149 antiquo
923 3069 977 3127 illo
1001 3068 1105 3128 ordine
1129 3068 1257 3128 conscri-

179 3174 280 3245 ptum,
312 3190 370 3248 quo
393 3170 610 3247 praecederent
630 3169 772 3230 Bucolica
794 3175 826 3229 et
848 3170 1008 3245 Georgica,
1031 3171 1122 3231 finem
1143 3172 1258 3242 faceret

178 3270 291 3330 Aeneis
305 3272 343 3349 ²).

264 3375 391 3434 Accedit
419 3375 516 3449 aliud,
547 3396 645 3456 neque
678 3375 710 3434 id
742 3375 842 3437 leuius
871 3381 1096 3451 argumentum
1127 3376 1256 3435 multum

180 3475 260 3535 enim
282 3476 410 3536 interest
437 3478 519 3538 inter
541 3478 702 3557 scriptores
732 3501 751 3537 a
772 3478 877 3541 Servio
907 3479 1044 3538 laudatos
1074 3483 1165 3558 atque
1186 3479 1251 3553 hos,

177 3580 229 3658 qui
251 3579 285 3638 in
308 3579 520 3641 additamentis
542 3582 720 3641 adferuntur
741 3586 844 3642 testes.
898 3581 994 3645 Quam
1015 3601 1080 3640 rem
1102 3581 1159 3641 etsi
1181 3583 1250 3640 nolo

176 3683 323 3742 hocloco
348 3683 522 3755 absolvere,
555 3686 687 3761 probabo
718 3688 819 3742 temen
842 3684 980 3761 exemplo
1002 3683 1251 3744 luculentissimo.

177 3784 298 3844 Monuit
320 3784 400 3844 enim
422 3806 470 3845 mc
484 3785 686 3861 Kiesslingius
702 3786 801 3848 videri
815 3788 970 3846 Lucanum
992 3791 1024 3845 et
1034 3788 1211 3848 Iuvenalem
1233 3808 1251 3844 8

176 3893 283 3966 quarto
306 3890 426 3948 demum
449 3889 567 3948 saeculo
589 3889 696 3950 haberi
718 3911 736 3948 a
757 3889 959 3965 grammaticis
987 3889 1020 3948 in
1041 3910 1165 3949 numero
1188 3910 1249 3966 ,aue

243 4107 268 4173 1)
287 4110 323 4159 of.
342 4109 416 4157 Thilo
433 4112 538 4172 praefat.
558 4110 584 4159 in
603 4110 672 4159 Serv.
690 4125 716 4173 p.
736 4114 777 4161 14.

242 4198 269 4258 2)
286 4196 358 4244 Thilo
377 4199 394 4247 l.
413 4197 430 4245 l.
449 4212 473 4259 p.
495 4200 534 4247 17.
