2992 4700
686 324 899 390 -20-

256 501 345 562 saepe
365 482 523 557 leguntur,
544 479 589 541 ite
610 500 733 559 prorsus
748 480 959 540 desiderantur
980 479 1013 538 in
1036 478 1205 551 Macrobi03
1228 483 1259 537 ot
1280 478 1332 536 od-

255 585 401 646 iectirum
423 582 608 661 ⁴investis'
631 588 662 642 ct
683 588 786 642 nostro
808 582 996 657 incognitum
1018 586 1065 641 est
1086 582 1175 654 olias,
1198 588 1230 639 et
1251 585 1332 640 certe

254 688 391 747 redolere
413 686 536 748 videtur
555 685 677 745 doctum
704 685 836 764 aliquem
859 684 1103 760 grammaticum,
1132 684 1256 743 minime
1278 684 1332 743 ho·

254 791 366 850 minem
389 788 488 869 quinti
511 809 540 867 p.
563 787 634 848 chr.
662 807 692 846 n.
716 786 828 847 succidi
842 787 879 865 ¹).
924 786 1071 846 Similiter
1100 807 1148 846 res
1180 807 1211 845 se
1240 787 1333 845 hebet

254 892 287 952 in
303 894 397 953 cltoro
410 893 487 966 loco,
510 910 600 970 quem
618 889 780 968 exscripsit
792 880 931 962 'Linkius
954 890 1074 949 Satunn.
1087 890 1148 962 ΙΠ,
1165 893 1193 962 5,
1211 892 1281 949 159,
1298 933 1305 948 .
1324 933 1331 947 .

253 997 349 1068 „Cum
376 998 450 1053 enirn
475 992 627 1052 Trebatius
655 991 729 1051 libro
754 995 849 1071 primo
877 991 912 1049 de
933 991 1129 1067 Religionibus
1151 991 1254 1050 docent
1281 991 1332 1047 lo-

253 1101 377 1157 stiorum
398 1115 507 1174 genero
529 1116 590 1155 esse
611 1096 683 1168 duo,
718 1115 803 1154 unum
834 1097 863 1152 in
886 1113 940 1172 quo
962 1096 1096 1153 voluntas
1124 1095 1173 1152 dei
1188 1113 1243 1171 per
1264 1101 1333 1151 ento

253 1201 441 1277 disponitur,
479 1200 602 1258 nlurum
633 1201 663 1258 in
693 1217 748 1275 quo
779 1197 842 1255 solo
872 1199 969 1255 oncino
999 1196 1050 1254 deo
1071 1205 1225 1267 socrotnr,
1259 1198 1333 1255 unde

254 1305 340 1360 etiam
355 1303 526 1378 horuspices
549 1301 689 1360 animales
710 1301 764 1358 bos
779 1288 891 1357 boitins
912 1308 1031 1371 rocont,
1057 1308 1206 1378 utrumque
1227 1301 1333 1357 bostro·

253 1424 316 1464 rum
337 1423 430 1482 genus
457 1406 487 1462 in
509 1407 637 1462 carmine
657 1423 708 1461 suo
732 1403 879 1479 Vergellus
901 1403 1035 1461 ostendit.
1082 1403 1122 1460 El
1146 1405 1240 1480 primo
1268 1405 1332 1479 qui-

254 1507 315 1565 dem
338 1508 412 1565 illud
432 1507 507 1584 quod
527 1507 658 1565 voluntas
679 1509 822 1564 numinum
842 1514 985 1583 peresio
1009 1514 1184 1563 monstratur

537 1618 645 1668 moctnl
666 1609 755 1667 lectos
776 1609 810 1666 de
832 1627 908 1666 more
930 1607 1057 1666 bidentes

253 1722 370 1771 cirron
1087 1766 1089 1769 ,

819 1815 1015 1893 pecudumque
1036 1814 1158 1872 reclusis

434 1917 600 1994 pectoribus
622 1918 738 1976 subscus
759 1919 904 1996 spirantia
927 1917 1055 1975 consulit
1073 1924 1153 1974 esto.

254 2021 388 2078 Alterum
412 2019 536 2078 illudio
558 2039 613 2099 quo
635 2021 729 2078 bostio
745 2021 882 2079 animalis
900 2021 1018 2089 dicitur,
1044 2020 1121 2096 quod
1141 2022 1201 2076 eriis
1223 2029 1331 2078 tontum

255 2124 352 2181 animo
374 2131 529 2192 sacretur,
563 2122 702 2193 ostendit,
737 2142 799 2180 cum
813 2121 896 2200 focit
918 2122 1061 2180 Entellum
1084 2124 1219 2180 victorem
1242 2125 1335 2198 Eryci

255 2234 383 2282 muctare
405 2232 562 2282 taurum.“
607 2226 714 2304 Neque
735 2225 766 2283 in
791 2225 839 2283 his
861 2224 958 2283 ulium
975 2223 1162 2286 Macrobiuni
1185 2225 1331 2284 sermonis

255 2325 434 2402 vestigium
457 2332 488 2387 cl
508 2330 603 2389 verbo
626 2326 863 2408 ,disquirerc'
878 2326 1050 2388 Macrobius
1065 2348 1212 2408 nusquam
1226 2327 1332 2402 utitur,

255 2430 336 2510 quod
357 2431 394 2490 de
417 2430 585 2508 ,sucrcrc'
607 2430 668 2490 iem
691 2450 782 2509 supra
803 2429 973 2490 monuimus
984 2428 1024 2506 ²).

340 2532 397 2591 His
420 2532 558 2593 omnibus
581 2531 728 2613 expositis
749 2532 811 2591 iem
832 2531 865 2593 id
886 2553 987 2591 sumus
1011 2534 1178 2607 consecuti,
1203 2555 1242 2594 ex
1263 2554 1332 2595 vcr-

254 2638 361 2695 bornm
383 2636 417 2693 in
438 2638 529 2696 rebus
544 2634 691 2696 enarretis
707 2656 854 2695 consensu
875 2655 998 2715 prorsus
1020 2636 1100 2695 nihil
1122 2636 1259 2696 concludi
1280 2637 1332 2696 de-

254 2740 327 2797 bere
342 2738 520 2813 donatione,
540 2759 616 2818 quoe
630 2738 800 2799 intercedet
814 2738 895 2797 inter
909 2738 1096 2800 Macrobium
1113 2744 1202 2819 utque
1219 2738 1334 2798 scholio

255 2843 371 2911 nostrc3
401 2841 500 2900 veluti
521 2840 649 2900 Linlrius
671 2840 752 2899 dixit
774 2840 905 2920 (dissert.
928 2860 957 2917 p.
975 2842 1038 2919 22).
1061 2843 1332 2921 „interpolatorem

255 2942 293 3000 ud
314 2945 391 3001 Aen.
406 2943 467 3016 HI,
485 2947 523 3001 85
548 2942 699 3021 expilasse
715 2935 846 3002 Moorcb.
862 2943 923 3015 III,
946 2949 976 3016 6,
1000 2949 1080 3003 1—5
1105 2945 1329 3006 similitudo

255 3047 466 3106 verborum
487 3045 639 3106 docet“l
682 3044 913 3105 Consideremus
942 3045 1038 3120 igitur
1058 3067 1139 3106 nunc
1168 3068 1241 3107 num
1262 3067 1329 3106 ocn-

255 3147 419 3206 cedendum
442 3146 484 3206 sit
505 3167 608 3207 omncs
630 3147 712 3207 locos
742 3167 816 3226 quos
838 3146 942 3206 attufit
962 3146 1090 3207 Linkius
1118 3170 1156 3209 ex
1178 3148 1329 3210 Macrobio

255 3251 379 3309 haustos
402 3270 467 3309 esse
489 3271 609 3329 posse.
653 3252 755 3329 Atque
777 3249 895 3308 omissis
916 3251 1047 3323 duobus,
1077 3252 1114 3310 de
1137 3253 1245 3332 quibus
1266 3253 1331 3331 ipse

257 3352 380 3415 ridetur
401 3351 541 3412 dubitare
563 3356 652 3429 (Aen.
670 3352 729 3425 IX,
753 3357 814 3411 584
838 3353 875 3412 of.
899 3353 1016 3412 dissert.
1040 3376 1069 3431 p.
1090 3358 1128 3413 24
1152 3356 1333 3429 „fortasse“;

258 3457 335 3514 Aen.
350 3457 377 3526 I,
401 3455 461 3513 373
486 3456 524 3515 of.
547 3477 576 3534 p.
593 3462 633 3514 20
657 3455 792 3529 „adiecto
815 3476 878 3515 esso
894 3500 902 3515 .
918 3501 925 3515 .
942 3455 1116 3535 ridentur“)
1132 3458 1205 3537 quid
1219 3458 1334 3518 indicc-

258 3558 305 3616 bis
334 3557 372 3616 de
402 3557 516 3616 scholio
538 3557 700 3618 Danielino
730 3558 767 3616 od
789 3560 866 3617 Aen.
881 3559 907 3632 I,
931 3559 1009 3631 378,
1041 3561 1121 3639 quod
1149 3560 1260 3640 incipit
1288 3562 1333 3620 ita

259 3662 365 3732 „Sane
386 3660 420 3717 de
441 3661 496 3718 diis
516 3659 666 3737 penalibus
689 3660 759 3718 licet
779 3663 877 3719 corros
899 3664 1047 3738 cpirn'ones
1067 3673 1182 3721 secutus
1203 3668 1243 3723 sit
1263 3667 1333 3722 Ver-

328 3849 354 3907 1)
373 3847 405 3895 oi.
423 3847 496 3894 Paul.
514 3861 538 3894 v.
557 3846 683 3907 vesticeps
700 3862 725 3908 p.
740 3848 790 3896 368
803 3847 853 3909 Μ.;
870 3849 928 3896 Non
945 3865 967 3898 s.
983 3865 1008 3897 v.
1027 3851 1152 3911 vesticeps
1169 3865 1193 3912 p.
1205 3853 1238 3898 45
1252 3852 1285 3900 Μ.

330 3928 658 3997 2)Qoip1urscesicsrst
680 3934 810 3993 exemplu,
838 3935 912 3981 edent
929 3933 979 3981 flet.
993 3936 1039 3995 111,
1058 3938 1087 3996 ὃς
1114 3936 1145 3983 de
1170 3938 1242 3984 cuius
1259 3937 1332 3984 initio

259 4017 359 4079 quidem
376 4017 459 4065 adhuc
477 4016 580 4078 dubiem
598 4018 642 4066 sed
660 4019 686 4064 in
704 4019 868 4077 sequentibus
884 4020 911 4066 in
928 4021 972 4082 §2
991 4021 1136 4083 ,sollemnis'
1153 4029 1178 4068 et
1195 4023 1332 4085 ‘adorere’3

258 4104 284 4150 in
302 4103 346 4162 §8
366 4102 500 4162 ,inchoare'
525 4103 552 4149 in
569 4103 612 4165 §8
631 4104 760 4164 ,frigidum
785 4105 831 4151 est’
856 4105 883 4150 in
900 4105 944 4165 §l
962 4106 1099 4168 ,intectum’
1118 4108 1211 4156 trustra
1228 4122 1333 4169 quaeres

258 4187 325 4246 opud
342 4186 504 4234 Macrobium.
