2992 4700
591 376 806 441 ...21-

156 530 266 607 gilius,
293 549 388 588 omnes
404 540 494 588 tomen
517 532 639 589 diversis
662 532 732 590 loeis
746 533 911 610 complexus
933 542 990 605 est3
1013 552 1079 590 nam
1102 533 1183 590 alim
1202 574 1236 593 ..
1320 596 1323 603 ,

160 637 330 712 sequuntur
351 633 461 693 deinde
483 635 587 693 eodem
615 635 719 694 ordine
748 656 807 715 quo
829 634 1000 695 Msorobius
1023 655 1074 694 eos
1096 635 1236 696 exhibet:

160 735 312 810 Nigidius,
335 737 445 809 Labeo,
468 736 563 796 Varro
579 736 661 815 (bis),
681 737 801 797 Cassius
816 721 961 812 Hemine;
984 737 1114 818 denique
1129 737 1162 796 in
1177 739 1237 797 fine

163 858 254 908 „eece
275 857 345 913 ergo
368 840 420 918 (so.
444 843 601 918 postquem
624 841 792 919 complures
810 841 927 917 Vergili
948 862 1055 903 versus
1077 844 1148 900 sunl
1168 860 1237 918 pro-

161 939 228 1015 lari)
257 942 378 999 depensis
407 942 478 999 loeis
506 945 599 1000 omnen
630 945 687 1000 trin
717 944 923 1020 eomplenn5.“
968 945 1121 1004 Habemus
1142 941 1238 1018 igitur

163 1041 297 1101 soholion
327 1042 571 1120 integerrimum,
603 1047 682 1124 quod
712 1066 751 1105 ex
780 1048 913 1106 Meorob.
944 1047 1005 1105 sat.
1021 1047 1081 1119 111,
1104 1048 1133 1117 4,
1157 1051 1236 1124 fisq.

161 1148 301 1205 haustum
331 1167 396 1206 esse
417 1149 539 1228 nequit,
570 1148 642 1228 quie
662 1148 696 1207 in
716 1149 783 1227 ipso
812 1148 859 1209 bis
888 1148 998 1208 nitetur
1027 1147 1139 1220 Verre,
1163 1167 1235 1226 quo-

159 1269 228 1309 rum
257 1250 391 1309 locorum
424 1251 508 1329 prior
538 1255 623 1312 abest
653 1272 671 1310 a
699 1251 866 1323 Moerobio‚
903 1271 1001 1331 neque
1030 1251 1062 1309 id
1092 1250 1236 1311 Varronis

158 1349 366 1411 testimonium
389 1355 527 1424 („Voreo
557 1354 623 1411 deos
641 1363 760 1429 penates
781 1355 920 1430 quaedum
947 1353 1049 1429 sigilla
1072 1354 1169 1429 lignea
1192 1354 1239 1411 nel

158 1472 318 1510 enarmoren
340 1452 376 1511 nl
397 1457 497 1514 Aenea
521 1458 550 1513 in
571 1456 687 1514 Italiam
710 1456 783 1514 dieii
801 1456 962 1527 odoeeln“)
985 1454 1059 1515 alibi
1082 1461 1235 1516 servatum

159 1576 225 1616 esse
248 1560 348 1634 potest
375 1578 465 1638 quum
494 1557 527 1616 in
557 1559 615 1617 huo
641 1558 678 1618 de
707 1558 766 1617 diis
795 1557 955 1637 penatibus
981 1557 1235 1637 disputatione¹).

159 1659 226 1716 Iem
247 1679 320 1718 vero
343 1661 423 1739 quod
443 1661 481 1720 de
503 1662 562 1721 hoo
579 1660 693 1720 soholio
710 1660 867 1734 eleusium,
889 1660 969 1720 idem
984 1660 1065 1719 ondit
1085 1660 1118 1720 in
1141 1662 1234 1720 sohol.

160 1760 336 1821 additioium
352 1764 389 1822 ed
403 1766 480 1823 Aen.
495 1765 538 1837 Π,
555 1768 625 1822 296.
669 1763 720 1824 Ibi
735 1763 816 1823 enim
829 1762 974 1838 legimus:
997 1764 1085 1833 „Sed
1097 1765 1127 1820 in
1140 1764 1235 1838 primo

162 1862 235 1920 libro
257 1866 376 1935 (lentum,
406 1887 476 1943 qnos
498 1867 563 1924 deos
582 1875 701 1943 penates
723 1865 760 1922 nb
782 1868 882 1923 Aenea
904 1865 1036 1923 advectos
1058 1865 1234 1923 diversorum

160 1967 255 2042 opiin'e
273 1968 462 2043 prolemsim
492 1973 523 2028 et
544 1973 613 2046 poet
636 1967 754 2047 aliquot
775 1987 896 2030 versus:
928 1968 1007 2039 „secl
1021 1975 1164 2045 polentem
1183 1987 1235 2043 po·

160 2077 214 2125 lest
234 2070 274 2126 nd
293 2071 368 2128 z'llici
384 2073 482 2148 neoipi
500 2062 595 2139 θεοὺς
609 2062 767 2144 δυνατούς,
789 2073 866 2127 sient
878 2072 980 2128 ooenri
994 2079 1113 2148 penates
1129 2069 1234 2125 dietum

157 2181 239 2242 est“‚
266 2173 375 2252 quibus
397 2179 459 2233 tem
481 2178 584 2252 aperte
600 2174 774 2248 delegemur
796 2175 833 2233 ed
855 2172 1004 2247 scholion,
1027 2172 1123 2253 quode
1145 2173 1232 2231 modo

158 2274 288 2351 egimus,
316 2281 351 2335 ut
372 2276 540 2336 necessario
562 2279 621 2337 hoo
642 2296 681 2336 ex
704 2277 808 2336 eodem
830 2277 914 2336 fonte
936 2296 1071 2335 manasse
1092 2274 1233 2354 profine-

156 2400 241 2452 mur;
264 2378 343 2440 siout
364 2379 459 2455 igitur
480 2400 577 2459 neque
598 2379 692 2453 illud,
714 2379 759 2439 in
780 2400 878 2460 neque
899 2382 958 2439 hoo
979 2378 1165 2439 elleorobio
1187 2384 1234 2438 est

156 2481 295 2559 petitum.

242 2584 359 2643 Deinde
375 2585 413 2643 ed
427 2586 504 2644 Aen.
519 2585 580 2659 III,
597 2589 635 2644 85
652 2584 787 2644 additum
802 2585 920 2645 esthon
934 2584 1087 2644 soholion:
1111 2587 1233 2660 „Qum-

159 2687 235 2742 ritnr
255 2689 341 2744 etiam
363 2706 416 2744 cnr
437 2689 563 2757 Aeneas,
589 2706 651 2744 enm
676 2688 775 2745 Delum
797 2689 936 2756 venisset,
970 2688 1057 2744 nullis
1075 2690 1162 2764 prens
1183 2689 1233 2746 lm-

159 2789 224 2843 sn'is
238 2792 328 2847 enesls
342 2792 438 2847 stetim
460 2807 478 2845 o
490 2789 629 2865 preeibns
645 2792 788 2866 eoeperit:
813 2791 880 2866 quin
904 2790 1024 2847 trudunt
1037 2791 1129 2861 multi,
1156 2793 1232 2849 inter

158 2909 228 2967 qnos
249 2899 278 2947 et
299 2894 410 2963 Varro,
434 2909 496 2948 esse
517 2909 586 2949 nens
609 2901 680 2948 tam
702 2893 897 2968 Apollinis
919 2911 1024 2969 qnam
1045 2893 1130 2970 filii
1148 2895 1232 2950 eins

156 3013 228 3052 non
252 3003 393 3052 tantum
415 2994 500 3051 Deli
519 2993 583 3051 sed
603 2996 639 3052 in
657 2994 835 3071 plurimis
858 2995 975 3065 loeis,
1000 2995 1231 3073 npndqnnske-

155 3099 229 3153 stine
257 3116 313 3154 non
336 3099 512 3166 caedentur,
544 3097 596 3153 sed
615 3099 786 3155 consuetudo
814 3099 855 3156 sit
880 3098 959 3155 mum
981 3098 1103 3156 solemni
1123 3107 1230 3156 lennem

153 3218 239 3274 prece
261 3201 403 3256 venerari.
428 3200 504 3276 qnod
524 3208 615 3256 entem
637 3202 681 3258 nil
703 3201 834 3276 Neptuno
857 3210 886 3257 el
907 3201 1045 3276 Apollini
1064 3203 1157 3258 lauris
1176 3220 1231 3276 po·

156 3310 217 3359 sleo
237 3302 435 3377 resistentem,
469 3303 546 3378 npnd
565 3303 640 3360 olim
662 3321 732 3361 aras
753 3303 807 3360 hoe
819 3302 937 3381 santum
960 3304 1058 3379 neespi
1076 3309 1230 3382 oportet.“

156 3405 222 3464 Hoo
245 3404 381 3463 soholion
404 3425 443 3463 ex
458 3405 590 3464 Meerob.
606 3405 667 3465 sat.
682 3405 743 3478 HI,
760 3411 788 3479 6,
806 3409 886 3464 1—5
910 3407 1051 3464 haustum
1072 3425 1138 3465 esse
1161 3424 1230 3464 oon-

156 3507 257 3567 senon
271 3506 412 3581 Linlrius3
440 3506 494 3566 ille
516 3506 596 3566 enim
619 3508 695 3566 haee
716 3512 834 3567 narret:
867 3507 1059 3578 „Mirandum
1081 3516 1126 3565 est
1145 3508 1230 3565 inens

150 3619 256 3688 poetae
276 3619 305 3667 et
326 3611 405 3667 einen
429 3619 529 3667 nostru
550 3618 580 3666 et
601 3612 680 3668 eirea
702 3620 824 3668 externo
845 3627 931 3668 saera
946 3608 1115 3667 doctrinam.
1141 3628 1230 3686 neque

154 3715 227 3770 enim
249 3713 284 3770 de
305 3712 396 3771 ne'lnlo
418 3714 557 3789 estquod
579 3732 642 3770 enm
663 3714 756 3771 Delon
779 3716 856 3770 vem'l
875 3714 1007 3784 Aeneas,
1036 3712 1117 3770 nulla
1139 3711 1174 3770 nb
1196 3733 1229 3770 ee

154 3834 239 3872 enesn
262 3824 305 3872 est
326 3815 420 3872 nostin
442 3816 513 3885 nesi,
540 3834 601 3872 enm
617 3815 870 3894 proficisceretur,
895 3815 1031 3892 Apollini
1048 3822 1078 3871 et
1098 3817 1229 3891 Neptuno

154 3938 201 3976 res
216 3911 303 3995 seclo
325 3918 423 3975 dine‘nn
445 3925 497 3974 est.
523 3922 749 3988 consisterem,
782 3919 861 3975 sieut
881 3916 1010 3975 Cloatius
1033 3918 1123 3975 Verus
1145 3919 1229 3976 Ordi-

154 4029 289 4080 notorum
305 4019 378 4078 libro
393 4021 427 4078 II
438 4020 520 4079 dneet
532 4040 592 4077 esse
607 4021 675 4079 Deli
686 4039 768 4079 arom
783 4019 861 4097 opud
873 4038 956 4098 qnam
971 4020 1065 4079 nostin
1086 4039 1142 4079 non
1164 4039 1229 4081 eae·

225 4240 250 4310 1)
269 4245 301 4294 os.
321 4243 394 4293 Thilo
413 4242 514 4304 Quaeso.
534 4243 604 4291 Serv.
624 4257 648 4303 p.
663 4244 702 4292 28.
