2992 4700
602 329 816 395 ..19-

170 485 236 542 Imo
260 483 313 562 661
335 482 587 555 consideraverit,
619 483 728 543 mirum
758 486 919 545 verborum
947 489 1123 544 concentum
1151 485 1245 544 inter·

170 588 277 646 cedere
299 586 380 644 inter
401 590 538 644 nostrum
560 590 649 666 61666
672 607 721 645 666
743 586 921 665 scriptores,
944 586 996 665 qui
1019 608 1058 646 ex
1080 589 1184 648 eodem
1207 610 1246 646 ex

170 710 229 769 quo
251 689 326 766 ipse,
348 689 432 746 fonte
454 689 628 760 hauserunt,
651 688 761 748 deinde
782 691 886 762 multe,
910 710 986 769 6666
1009 691 1161 752 Macrobio
1184 690 1246 749 sint

171 791 393 868 volgarissims‚
421 794 453 849 et
473 789 607 851 inveniri
628 791 726 863 ineis
749 791 988 851 Saturnaliorum
1009 791 1146 870 partibus
1169 813 1245 871 6666

172 895 296 973 abipso
319 893 472 970 profectae
499 912 563 951 esse
585 894 716 952 1616661
741 899 773 953 61
792 893 957 955 desiderari
980 894 1012 952 in
1034 894 1117 954 hisce
1139 895 1244 971 ospiti·

172 1001 241 1071 bus,
275 998 425 1076 permulta
446 1015 520 1055 vcro
548 994 582 1052 in
608 994 657 1054 his
679 995 754 1070 legi,
787 1016 863 1076 6666
891 996 945 1056 ille
965 1016 1070 1055 rursus
1091 996 1244 1071 ignorasse

171 1100 323 1173 videatur,
353 1100 379 1158 is
408 1099 495 1157 credo
518 1099 661 1157 concedet
682 1099 869 1158 Macrobium
899 1098 988 1159 616611
1017 1098 1091 1157 nlius
1114 1099 1244 1158 Gellium

167 1204 212 1262 116
238 1203 290 1262 hic
312 1203 440 1261 alterum
463 1198 640 1276 scriptorem
670 1202 707 1259 61
729 1204 855 1262 verbum
879 1201 1083 1279 exscripsisse.
1126 1203 1174 1259 Ex
1196 1201 1244 1258 his

168 1300 308 1365 omnibus
337 1304 505 1364 necessario
529 1294 767 1364 concludendum
789 1304 1030 1364 Macrobium
1061 1307 1256 1367 suctores,

168 1430 258 1468 suos
292 1409 337 1467 61
370 1410 532 1468 verbum
564 1405 853 1483 exscripsisse,
887 1406 948 1466 ubi
977 1427 1051 1465 non
1085 1411 1243 1465 contra-

167 1512 270 1570 rium
293 1515 421 1588 potest
441 1507 697 1568 demonstrari
720 1528 766 1567 ex
788 1507 982 1568 orationis
1003 1507 1146 1567 habitu.

255 1614 343 1673 Nune
364 1614 483 1672 166666
498 1610 647 1688 patefacte
669 1615 715 1669 est
735 1610 788 1671 vic
810 1612 848 1669 61
869 1616 1002 1670 nostram
1024 1609 1244 1689 quaestionem

169 1738 267 1797 66666
289 1717 369 1776 enim
392 1734 467 1792 opus
489 1718 574 1772 6616
596 1711 683 1772 nobis
699 1713 799 1771 omnia
815 1713 914 1791 capitu
927 1712 1113 1773 Macrobicni
1135 1712 1244 1789 operis,

171 1841 246 1900 quae
261 1838 416 1879 commune
438 1815 513 1895 6611
533 1818 648 1876 hebent
669 1835 736 1875 eum
759 1815 882 1875 scholiis
897 1815 1096 1890 Vergilianis,
1119 1833 1242 1891 percen-

171 1923 246 1997 seri;
277 1921 389 1981 sufficit
410 1919 510 1998 potius
531 1919 736 1978 demonstrare
759 1919 833 1977 1666
862 1919 914 1977 vel
940 1923 1002 1977 tres
1028 1918 1110 1976 locos
1139 1936 1241 1975 eorum

168 2026 220 2105 qui
247 2025 373 2085 mi1ifice
396 2021 588 2082 consentiunt
615 2042 633 2079 6
654 2020 808 2080 Macrobio
838 2020 876 2078 61
899 2022 1025 2080 verbum
1054 2040 1119 2079 esse
1147 2026 1242 2077 trans-

167 2129 304 2207 scriptcs.
349 2130 450 2204 Atque
471 2124 504 2182 in
526 2123 597 2196 illo,
620 2143 708 2202 quem
724 2121 852 2181 Linkius
867 2121 999 2199 primum
1014 2121 1126 2194 attulit,
1148 2123 1241 2180 Mecr.

167 2233 229 2291 Set.
244 2233 304 2304 Ill,
322 2235 350 2303 8,
368 2233 447 2287 5-8
473 2228 561 2298 „Nee
576 2245 675 2283 aamea
691 2227 769 2302 apud
789 2245 829 2296 se,
855 2226 931 2302 quod
935 2224 1094 2303 fortuitum
1112 2245 1172 2281 erse
1191 2244 1242 2300 pa-

167 2342 259 2405 teret,
285 2353 393 2392 vacare
412 2331 571 2408 permittit:

777 2434 933 2508 aratrisque
956 2432 1069 2488 vaeavit

355 2540 466 2595 nomiae
489 2536 642 2594 Casmillae
663 2543 772 2592 mutata
792 2544 878 2610 parte
901 2534 1063 2591 Camillam.

170 2644 241 2700 Nam
264 2644 376 2700 Statius
401 2641 549 2699 Tullianus
578 2640 612 2695 te
634 2636 781 2695 vocabulis
803 2653 898 2692 rerum
921 2634 996 2692 libro
1016 2637 1240 2710 6616661111-

169 2748 247 2801 airse
270 2743 471 2802 Callimachum
498 2742 604 2798 Tuscos
627 2739 775 2796 Camillum
798 2737 948 2813 appellare
970 2738 1158 2795 Mercurium.
1185 2758 1240 2815 qua

170 2846 307 2904 troaabalo
328 2844 497 2921 significant
515 2843 749 2920 praeministrare
772 2841 904 2897 deorumn*
951 2840 1027 2898 (lade
1043 2841 1199 2916 Vergellus
1212 2842 1240 2918 ¹)

167 2953 212 3007 ait
232 2947 374 3007 Metabum
399 2947 545 3004 Camillam
569 2945 730 3021 appellasse
743 2943 861 3018 filiam,
894 2943 1005 3000 1116666
1025 2943 1135 3000 seilicet
1153 2964 1240 3019 prae·

167 3056 340 3111 ministram.
365 3068 430 3107 nam
453 3059 480 3105 et
501 3048 641 3106 Pacuvius
664 3066 725 3104 eum
748 3047 782 3103 de
804 3046 904 3103 Medea
927 3047 1093 3122 loqueretur

252 3155 387 3211 caelitum
409 3151 542 3220 camilla,
570 3159 735 3226 exspectata
758 3150 893 3218 advenis,
918 3148 999 3206 salae
1020 3147 1145 3224 lraspita.

167 3259 288 3316 Romani
304 3274 414 3333 quoque
432 3272 539 3329 pueros
560 3262 590 3311 et
608 3253 721 3329 puellas
743 3251 852 3310 nobiles
874 3259 902 3307 et
923 3252 1045 3307 investes
1062 3250 1191 3307 camillos
1212 3259 1242 3308 et

164 3360 296 3417 ruptilius
314 3357 461 3435 appellant
473 3355 693 3435 flaminicarum
716 3364 744 3411 et
757 3355 910 3431 flaminum
924 3354 1181 3428 praeministros“‚
1205 3351 1238 3410 id

163 3464 267 3524 statim
293 3460 367 3519 11661
388 3458 628 3519 animadvertere
657 3455 737 3515 nihil
763 3454 913 3526 inveniri,
945 3453 1025 3533 6661
1051 3453 1237 3515 Macrobium

162 3568 274 3646 prodat
287 3583 385 3642 neque
407 3562 440 3620 in
462 3559 613 3638 usurpetis
628 3558 783 3620 vocabulis
805 3576 903 3636 noque
924 3555 957 3615 in
978 3556 1144 3629 collocatis5
1168 3577 1237 3615 con-

161 3675 213 3729 tre
243 3662 545 3746 ‘praeminister'
574 3668 605 3721 61
632 3658 922 3739 ‘praeministra'
952 3658 998 3717 uti
1026 3659 1147 3718 omnino
1176 3680 1237 3718 666

235 3855 261 3918 1)
277 3854 385 3901 Linkius
404 3856 437 3914 (p.
452 3849 493 3917 18)
513 3851 625 3910 sequitur
645 3849 755 3896 editores
772 3847 893 3894 Macrobii
912 3847 1024 3894 scribens
1043 3847 1133 3907 „Unde
1150 3845 1237 3907 Vergi-

161 3946 225 3993 lium
244 3943 279 3989 eit
295 3940 423 3988 Metabum
441 3936 571 3985 Camillam
590 3935 729 3994 appellasse
755 3934 865 3992 tiliam“;
893 3933 937 3981 sed
955 3932 1144 3992 praeferendam
1170 3933 1237 3992 6661

161 4028 268 4092 praeiret
286 4027 340 4074 661,
360 4026 415 4072 Par.
452 4021 643 4082 ‚,Vergilius“,
661 4025 690 4066 ut
707 4018 910 4066 commentatoris
928 4017 990 4064 hacc
1007 4017 1058 4064 sint
1075 4017 1167 4078 verba,
1186 4032 1237 4065 666

161 4114 238 4162 statii
257 4113 376 4160 Tulliani.
412 4108 517 4156 Accedit
535 4105 602 4166 6661
629 4105 704 4151 etium
728 4105 855 4152 scholiast.
875 4103 970 4163 Vergil.
997 4104 1236 4163 6116611641

163 4199 327 4262 ι1766611166
347 4195 456 4244 exhibet.

970 4268 1021 4332 2*
