2992 4700
605 345 655 416 „⁷
690 366 733 434 35
775 387 817 414 -›.

173 523 233 581 iam
268 524 469 595 enumeranda
498 524 652 598 videntur,
691 545 767 605 quae
797 544 863 584 oum
893 525 977 584 Servi
1009 525 1251 586 adnotationibus

47 697 50 706 ⁴
173 626 370 687 consentiant.
414 630 514 706 Atque
537 631 607 687 sunt
628 628 660 686 in
682 633 767 705 parte
789 628 888 705 priore
910 627 984 687 haee
1006 627 1135 688 scholia:

260 749 289 805 p.
307 730 368 803 71,
392 735 408 787 5
433 731 469 788 ad
491 729 660 817 mulctram]
682 731 792 790 Adnot.
816 731 894 810 quod
917 729 966 789 hio
988 730 1143 791 mulctram
1164 731 1249 790 femi·

75 876 80 885 .
164 831 244 890 ‘nino
268 851 376 907 genere
392 832 533 908 posuerit,
559 854 623 893 aum
646 834 717 893 alibi
733 846 858 894 neutro:
881 832 1053 910 Implebunt
1075 834 1249 894 mulctralia.

171 961 215 985 =
236 933 318 996 Serv.
342 935 403 995 Eel.
427 937 485 1009 ΙΙΙ,
510 941 549 994 30
573 934 745 1016 Muletram]
774 942 804 996 et
825 935 970 996 feminino
994 956 1103 1012 genere
1125 937 1249 996 dioimus
1309 968 1310 971 ¹

170 1039 255 1117 ,haee
277 1033 411 1097 mulotra'
434 1043 465 1099 et
486 1044 592 1099 neutro
615 1040 680 1121 ,hoe
698 1035 869 1099 muletrale'.
914 1040 1000 1099 Unde
1022 1045 1068 1100 est
1088 1040 1121 1099 in
1143 1040 1249 1115 Georg.

171 1140 366 1218 „Implebunt
387 1141 561 1201 muletralia.
578 1189 585 1202 .
603 1187 610 1202 .

256 1265 285 1322 p.
312 1246 369 1318 71,
395 1250 412 1301 9
443 1245 535 1304 Binos
563 1245 617 1305 alit
643 1242 758 1324 foetus]
790 1290 820 1303 ..
851 1245 1037 1305 Praedicatio
1060 1244 1172 1306 vitulae
1194 1254 1248 1320 est,

170 1368 247 1426 quae
271 1350 344 1407 duos
367 1347 477 1426 (foetus
494 1347 614 1424 habeat)
636 1373 679 1397 =
697 1347 725 1407 S.
746 1347 809 1408 Eel.
829 1347 888 1423 III,
902 1353 955 1422 ·30,
978 1348 1069 1408 Binos
1086 1395 1092 1408 .
1110 1395 1116 1406 .
1135 1354 1169 1409 ut
1184 1369 1247 1407 eam

170 1452 292 1512 laudare
315 1457 345 1511 et
367 1470 406 1510 ex
428 1452 492 1511 fetu
514 1457 544 1511 et
566 1495 598 1509 ..
620 1451 765 1511 videatur.

254 1575 283 1631 p.
309 1556 373 1628 72,
401 1559 413 1611 1
450 1555 490 1614 Et
512 1553 579 1634 quis
600 1554 659 1613 fuit
681 1554 771 1634 alter]
795 1599 826 1613 ..
854 1555 916 1613 Alii
938 1574 1067 1634 namque
1089 1556 1246 1614 Eudoxum

166 1658 304 1731 tradunt,
337 1657 473 1736 plerique
496 1660 621 1718 Aratum
728 1684 772 1709 =
800 1658 829 1717 S.
852 1657 916 1717 Eol.
938 1659 996 1731 ΙΙΙ,
1020 1663 1057 1715 41
1092 1656 1248 1733 Significat

22 1745 52 1807 1”ϋ
167 1764 268 1820 autem
290 1765 342 1821 aut
357 1764 480 1820 Aratum
504 1766 555 1819 aut
576 1760 779 1820 Ptolemaeum
801 1766 853 1820 aut
874 1762 1041 1819 Eudoxum.

253 1884 280 1941 p.
305 1865 322 1923 7
332 1869 367 1937 2,
395 1868 437 1921 18
461 1863 574 1922 Pedum
598 1866 696 1922 autem
719 1868 765 1923 est
778 1863 915 1923 baculum
933 1883 1089 1925 recurvum
1189 1862 1245 1940 (di-

168 1968 249 2028 eitur
269 1969 305 2026 ab
329 1987 363 2027 eo
387 1966 478 2046 quod)
507 1973 640 2043 pastores
662 1967 754 2043 pedes
777 1967 877 2028 ovium
899 1968 1051 2026 retrahere
1073 1966 1179 2028 solent.
1202 1991 1246 2016 ==

164 2069 195 2129 S.
218 2070 280 2130 Eel.
304 2071 338 2145 V,
365 2075 402 2129 88
426 2067 552 2145 Pedum)
583 2069 668 2145 virga
689 2071 832 2143 incurva,
863 2071 941 2129 unde
972 2070 1052 2145 (inde
1075 2070 1155 2148 quod
1177 2068 1244 2144 eai)

162 2174 331 2234 retinentur
353 2174 498 2250 pseudum
520 2173 618 2249 pedes.

251 2297 280 2354 p.
306 2277 365 2351 73,
392 2281 434 2335 12
458 2275 567 2336 Tristia
581 2273 675 2357 bellu]
699 2278 761 2336 hut
783 2276 940 2354 epitheton
963 2281 1009 2336 est
1030 2274 1161 2345 omnium
1183 2273 1245 2333 bel-

165 2381 261 2439 lorum
293 2375 404 2462 ‘tristia'
429 2384 481 2439 aut
512 2422 541 2436 ..
571 2405 615 2431 =
644 2378 673 2439 S.
696 2379 760 2439 Eol.
782 2379 841 2452 VI,
867 2380 900 2452 7;
933 2378 1057 2457 Tristia]
1089 2379 1244 2454 epitheton

164 2482 314 2542 bellorum
337 2488 523 2559 perpetuum.

252 2607 280 2663 p.
305 2586 367 2659 73,
395 2590 437 2644 19
469 2585 635 2646 Deduotum
666 2584 800 2664 earmen]
834 2589 941 2657 tenue,
973 2583 1102 2659 graeile,
1125 2584 1243 2654 subtile,

169 2690 255 2767 quale
276 2690 419 2751 bucolicis
443 2689 606 2767 oo(nvenit)
629 2690 780 2750 diotum‘a
886 2689 957 2767 quia
978 2689 1034 2748 hae
1057 2687 1243 2747 deduotiores

170 2797 239 2851 sunt
259 2793 278 2852 i.
295 2814 319 2853 e.
336 2793 495 2853 tenuiores.
518 2819 561 2844 =
583 2792 612 2853 S.
627 2792 689 2852 Eal.
706 2791 758 2864 VI,
776 2798 792 2849 5
816 2790 1001 2872 Deduotum]
1016 2798 1125 2864 tenue;
1147 2795 1242 2850 trans-

166 2893 238 2953 latio
260 2915 279 2962 a
297 2897 373 2969 lana,
397 2915 472 2976 quae
495 2896 649 2956 deducitur
670 2894 702 2953 in
724 2895 909 2955 tenuitatem.
1081 2967 1085 2974 ¹

250 3018 279 3074 p.
304 2999 365 3071 ta,
396 3002 442 3055 22
474 2997 553 3057 Ordo
566 2997 573 3010 ““
583 2998 632 3057 hio
663 3003 723 3057 est:
753 2999 841 3057 Nune
870 3016 941 3074 ego,
970 2975 1242 3077 Varesagrastem

162 3102 249 3160 tonui
271 3121 385 3161 musam
407 3101 542 3160 modulor
555 3101 739 3175 harundine;
762 3107 922 3178 supersunt
936 3105 1044 3175 autem,
1067 3103 1119 3182 qui
1140 3104 1241 3163 laudes

163 3210 233 3264 tuas
256 3204 364 3264 dicant.
387 3230 430 3253 =
452 3203 480 3263 S.
504 3204 566 3263 Eel.
589 3204 641 3278 VI,
666 3211 700 3263 6:
724 3205 803 3263 Ordo
827 3210 888 3264 est:
909 3205 997 3263 Nune
1019 3225 1074 3280 ego
1097 3211 1241 3281 agrestem

160 3308 248 3366 tenui
281 3308 446 3367 meditabor
477 3308 621 3367 arundine
652 3327 764 3367 musam
794 3352 829 3367 ..
855 3355 861 3366 .
894 3308 1038 3389 ‘Namque
1069 3328 1157 3384 super
1186 3307 1241 3367 tibi

162 3406 261 3470 erunt'
284 3411 583 3488 superabundabunt,
606 3411 713 3490 inquit,
737 3430 754 3468 ο
777 3410 864 3484 Vara,
894 3410 946 3489 qui
968 3410 1100 3471 ambiant
1121 3418 1173 3470 tua
1195 3412 1239 3469 ia·

161 3520 213 3573 ota
235 3513 410 3574 describere.

251 3637 279 3693 p.
305 3616 363 3690 74,
389 3620 406 3673 5
442 3615 576 3675 Silenum
597 3634 669 3677 vero
692 3615 799 3675 Sirena
827 3615 1037 3693 philosophum
1071 3615 1237 3694 (intellegit.

158 3739 232 3780 nam
253 3720 371 3799 Siro)na
393 3724 424 3779 et
446 3718 595 3793 Vergilius
617 3719 739 3779 audivit.
761 3719 812 3778 hio
834 3724 932 3778 tamen
957 3718 1055 3795 (Siron
1073 3718 1237 3795 Epicureus

158 3824 302 3903 traditur)
315 3826 343 3896 ¹)
357 3847 401 3875 =.-
422 3822 449 3881 S.
468 3821 528 3881 Eol.
545 3821 596 3894 VI,
614 3826 653 3879 13
686 3821 760 3881 Vult
782 3822 906 3901 exsequi
928 3826 1036 3881 sectam
1052 3820 1237 3898 Epicuream,

160 4079 351 4128 Danielinorum
369 4079 455 4130 soboll.
473 4078 581 4127 auctoris
598 4079 690 4127 fontem
708 4080 785 4129 fuisse
802 4079 911 4141 amplum
929 4079 941 4125 1
959 4077 1019 4126 etII
1036 4076 1095 4126 libri
1112 4077 1235 4127 Aeneidos

161 4168 373 4215 commentarium.
409 4166 458 4214 Sed
475 4179 561 4212 vereor
579 4170 606 4212 ut
621 4165 686 4213 hane
704 4166 869 4214 coniecturam
887 4164 993 4226 probare
1010 4166 1096 4225 possit.

233 4256 257 4313 1)
277 4253 313 4300 cf.
331 4256 467 4301 Hermann.
486 4252 558 4299 adh.
576 4252 593 4299 l.

981 4335 1030 4395 3¹*
