2992 4700
651 340 844 406 „55

202 500 237 575 V,
262 505 291 573 4,
315 504 334 558 4
358 518 481 573 „vorsus
505 500 645 578 quoniam
667 499 829 579 utrobique
851 500 937 559 multi
960 505 1038 572 sunt,
1061 519 1121 559 000
1144 498 1277 558 inserui“

203 624 288 684 qnae,
312 606 346 662 ut
360 604 510 664 Wissowa
531 603 572 681 (p.
598 604 647 679 13)
670 609 752 662 reete
774 604 856 675 dieit,
880 604 1051 682 exscripto
1074 603 1174 682 aliquo
1198 623 1277 661 oom-

201 708 348 767 meutario
371 708 409 764 ad
431 708 557 767 verbum
580 726 720 784 expressa
751 726 815 765 esse
843 712 934 785 patet.
979 708 1075 791 (iuius
1093 707 1277 766 observatio-

202 811 250 868 nis
279 810 364 887 plura
394 810 504 869 adferri
529 814 655 887 possunt
677 811 855 889 exempla¹)
886 810 980 872 veluti
1014 810 1076 869 Sat.
1098 810 1130 883 Ι,
1157 814 1211 882 12,
1235 814 1274 867 35

204 914 383 989 „Augustus
400 913 500 970 deiude
525 921 585 983 001,
614 915 665 989 qui
679 913 802 971 Sestilia
825 924 910 971 antea
936 913 1094 972 uocabatur·
1119 914 1207 971 donec
1226 913 1276 969 lto-

202 1017 268 1072 0001
291 1016 425 1091 Augusti
451 1016 571 1072 duretur
600 1035 637 1072 00
663 1025 779 1072 serulus
809 1017 958 1088 consulte,
993 1019 1076 1075 ouius
1106 1014 1190 1073 verbu
1216 1034 1276 1072 00-

201 1115 335 1176 110011(
355 1159 362 1174 .
383 1139 412 1187 .,·
438 1117 489 1175 006
511 1122 545 1175 01
568 1117 605 1175 06
627 1117 718 1176 finem
740 1118 867 1177 dueatur
889 1118 1041 1199 quaestio,
1064 1117 1274 1197 inquirendum

199 1224 245 1278 est
275 1219 309 1278 in
332 1219 476 1280 Macrobii
504 1240 689 1294 sermonem,
717 1225 754 1280 ut
783 1221 862 1287 inde,
885 1228 999 1282 eertum
1028 1220 1100 1281 ferri
1131 1219 1273 1279 iudieium

199 1323 315 1400 possit,
337 1327 437 1382 utrum
460 1323 535 1382 mira
557 1323 610 1382 illa
633 1325 779 1383 sermonis
801 1325 997 1405 aequabilitas
1019 1309 1274 1385 animadvertatur

198 1446 253 1503 per
278 1444 380 1485 omnes
402 1426 641 1486 Saturnaliorum
662 1427 757 1487 libros
779 1428 892 1487 neone?

286 1533 386 1608 Atque
418 1530 469 1608 qui
492 1530 737 1589 commentarium
760 1531 906 1592 Macrobii
933 1532 966 1589 in
990 1529 1136 1590 somnium
1159 1528 1415 1604 Scipio-Substantia·

200 1632 247 1690 nis
269 1666 310 1675 —
333 1652 403 1691 nam
425 1652 464 1692 ex
485 1632 559 1705 hoo,
594 1653 655 1692 non
675 1655 714 1693 ex
735 1635 915 1693 Saturnaliis
937 1634 1185 1711 profioisoendum
1208 1651 1272 1690 esse

200 1736 233 1792 in
255 1735 412 1812 propatulo
436 1739 481 1794 est
503 1770 543 1778 —
567 1736 743 1813 perlegerit,
774 1737 848 1795 mihi
872 1738 1015 1796 oonoedet
1037 1736 1091 1798 vix
1113 1736 1272 1816 quiequam

199 1836 281 1895 illius
297 1837 426 1897 orationi
446 1838 540 1911 magis
563 1859 627 1898 esse
642 1840 797 1917 proprium
822 1860 909 1919 quam
933 1840 1273 1900 substantivorum

198 1961 300 2012 usum;
331 1941 414 2000 euius
438 1942 557 2002 diversa
579 1947 649 2001 sunt
670 1961 788 2018 genera.
833 1945 928 2022 Saepo
950 1945 1029 2002 enim
1052 1941 1182 2003 ooonrrit
1203 1941 1272 1999 sub-

199 2044 378 2117 stantivum,
410 2045 461 2104 nbi
484 2051 673 2122 exspectares
695 2051 793 2105 totum
815 2047 1011 2124 enuntiatum,
1033 2052 1067 2106 ut
1088 2047 1120 2104 in
1142 2045 1271 2104 talibus:

198 2149 229 2206 0.
253 2147 277 2219 I,
302 2152 329 2221 3,
357 2147 393 2206 17
430 2147 589 2221 „falsitatis
619 2150 837 2209 insomniorum
859 2150 1027 2224 Vergilium
1049 2154 1155 2210 testem
1177 2148 1270 2207 01100-

199 2253 272 2308 tes“.
319 2250 350 2323 I,
375 2256 411 2324 6,
436 2251 475 2309 76
512 2251 659 2324 „aliorum
688 2273 845 2313 munerum
876 2253 1031 2313 vacatione
1060 2251 1269 2314 reverendus“.

196 2355 220 2425 I,
248 2358 295 2426 19,
323 2358 361 2412 14
391 2373 487 2434 „quae
509 2356 586 2415 ratio
618 2357 842 2433 persuasionem
863 2358 952 2416 huius
975 2357 1158 2417 diversitatis
1179 2354 1267 2412 indu-

195 2455 303 2515 xerit“.
346 2457 372 2530 Ι,
389 2462 475 2530 22,8
505 2459 607 2536 „Idem
630 2459 772 2519 imbrium
795 2481 880 2520 easus
903 2465 977 2521 est“.
1020 2460 1061 2532 II,
1089 2464 1137 2532 12,
1164 2464 1181 2516 8
1211 2457 1268 2530 „ad

194 2558 307 2617 fastidii
329 2560 567 2646 necessitatem“.
611 2563 661 2623 vel
681 2563 882 2641 participium,
905 2563 992 2622 utin
1015 2562 1114 2621 hisee:
1136 2563 1167 2621 G.
1191 2562 1215 2632 Ι,
1239 2565 1266 2634 6,

197 2666 235 2719 49
266 2662 318 2734 „in
348 2668 413 2722 tota
434 2664 550 2724 zodiaoi
573 2665 808 2724 circumitione“.
861 2668 891 2741 Ι,
916 2672 952 2740 6,
971 2666 1008 2725 67
1037 2664 1267 2743 „peragratione

194 2764 313 2841 septimi
336 2764 442 2841 signi“.
496 2770 520 2841 Ι,
545 2770 572 2841 7,
597 2768 614 2827 7
649 2769 758 2842 „unius
787 2770 871 2829 verbi
902 2769 1114 2845 negligentia“.
1168 2768 1193 2840 Ι,
1219 2772 1266 2839 10,

195 2873 212 2924 8
243 2869 300 2940 „de
330 2869 375 2928 rei
398 2871 612 2930 absolutione“.
656 2872 681 2947 Ι,
708 2876 756 2945 10,
781 2879 799 2930 9
827 2874 927 2946 „eirea
948 2878 1073 2933 naturae
1094 2870 1266 2952 inquisitio·

193 2975 291 3029 nem“.
335 2973 361 3045 Ι,
388 2975 434 3047 17,
463 2979 498 3033 ll
532 2976 588 3048 „ad
611 2975 695 3034 ouius
721 2977 925 3055 appetentiam
946 2978 1096 3037 trabitur“
1117 2977 1143 3048 I,
1157 2981 1207 3045 20,
1227 2978 1264 3032 16

192 3094 280 3146 „eum
302 3075 469 3136 adiectione
492 3079 635 3155 septimae
657 3080 752 3157 partis
775 3084 865 3139 suae“
896 3080 947 3158 (of.
971 3079 987 3158 S
1016 3086 1068 3152 183
1090 3085 1146 3149 20;
1169 3078 1211 3150 Π,
1235 3082 1264 3148 6,

192 3178 234 3254 4.)
277 3178 319 3251 H,
344 3185 371 3253 2,
398 3185 411 3238 1
451 3182 507 3252 „ad
529 3181 716 3241 intellectum
738 3184 917 3242 verborum“
949 3182 998 3260 (01.
1023 3181 1039 3260 5
1063 3182 1125 3260 23).
1169 3182 1211 3254 H,
1236 3186 1263 3253 5,

197 3283 236 3336 30
267 3282 380 3353 „multa
403 3282 596 3344 solitudinum
618 3286 847 3345 interiectione“
879 3286 930 3364 (of.
954 3285 970 3365 ς
996 3288 1058 3362 33).
1101 3286 1143 3360 Π,
1172 3290 1217 3358 11,
1243 3290 1260 3342 6

194 3382 251 3453 „ad
274 3383 485 3445 diseretionem
505 3387 619 3447 lunaris
642 3388 742 3447 anni“.
786 3389 929 3461 II,12,2
953 3391 990 3448 ab
1013 3389 1149 3467 appetitu
1173 3407 1261 3465 spon·

190 3490 296 3544 100000
312 3488 444 3549 mortis“.
485 3490 528 3557 ΙΙ,
546 3496 592 3563 15,
608 3498 626 3549 2
654 3492 709 3565 „ad
726 3492 957 3551 ostentationem
973 3512 1094 3552 suorum
1110 3494 1259 3568 operum“.

83 3635 87 3642 .
188 3588 240 3661 ΙΙ,
267 3590 322 3668 17,
350 3596 386 3650 16
419 3593 609 3667 „exhortatio
639 3596 676 3654 ad
708 3600 912 3672 contemptum
942 3595 1124 3674 gloriae“²).
1177 3596 1261 3653 Haeo

188 3726 392 3737 --—-..—.-...

259 3795 284 3854 l)
302 3795 368 3842 lllud
387 3795 527 3859 ,adnotabo’
545 3796 594 3845 Sat
612 3799 643 3857 V,
663 3800 702 3857 19,
722 3802 745 3859 6,
765 3799 831 3859 qnod
848 3799 895 3848 0101
913 3805 1057 3848 0000100100
1074 3801 1177 3861 protulit
1194 3800 1260 3849 Wis-

186 3892 255 3926 sowa
272 3878 307 3944 (p.
328 3879 371 3944 16)
389 3897 439 3930 000
457 3887 543 3943 aptum
560 3888 598 3932 001
615 3885 646 3931 06
664 3886 712 3932 hoo
729 3885 795 3945 quod
813 3886 928 3933 volumus
945 3886 1178 3945 demonstrandum,
1204 3901 1260 3933 oum

185 3963 373 4014 interlocutores
390 3966 439 4027 ipsi
457 3967 554 4028 610001,
581 3984 608 4016 00
625 3971 744 4018 adnotare
761 3984 849 4017 versus
866 3970 975 4032 Vergili3
1000 3971 1031 4018 et.
1050 3970 1101 4020 Sat.
1121 3972 1157 4032 V,
1177 3973 1209 4031 3,
1228 3976 1258 4032 13

186 4050 217 4109 V,
235 4052 260 4110 4,
281 4055 311 4112 13
331 4052 376 4112 VI,
395 4053 419 4111 6,
438 4056 460 4100 1.

255 4133 281 4202 2)
300 4136 420 4187 Centoras
437 4138 512 4186 etiam
530 4138 605 4187 talia:
632 4141 659 4200 1,
679 4144 724 4202 19,
748 4142 780 4189 15
807 4143 868 4202 „sed
891 4157 942 4190 000
965 4147 1039 4190 vacat
1063 4143 1183 4204 adiectio,
1209 4159 1259 4206 qua

185 4222 248 4270 haee
263 4224 432 4286 pronuntiatio
450 4229 626 4286 temperatura
